%% This BibTeX bibliography file was created using BibDesk.
%% http://bibdesk.sourceforge.net/


%% Created for Cory Shankman at 2017-04-18 14:45:45 -0700 


%% Saved with string encoding Unicode (UTF-8)

@ARTICLE{Gladman:2005,
   author = {{Gladman}, B.},
    title = "{The Kuiper Belt and the Solar System's Comet Disk}",
  journal = {Science},
     year = 2005,
    month = jan,
   volume = 307,
    pages = {71-75},
      doi = {10.1126/science.1100553},
   adsurl = {http://adsabs.harvard.edu/abs/2005Sci...307...71G},
  adsnote = {Provided by the SAO/NASA Astrophysics Data System}
}

@ARTICLE{Becker:2018,
       author = {{Becker}, J.~C. and {Khain}, T. and {Hamilton}, S.~J. and {Adams}, F.~C.
        and {Gerdes}, D.~W. and {Zullo}, L. and {Franson}, K. and
        {Millholland}, S. and {Bernstein}, G.~M. and {Sako}, M. and
        {Bernardinelli}, P. and {Napier}, K. and {Markwardt}, L. and
        {Lin}, Hsing Wen and {Wester}, W. and {Abdalla}, F.~B. and
        {Allam}, S. and {Annis}, J. and {Avila}, S. and {Bertin}, E. and
        {Brooks}, D. and {Carnero Rosell}, A. and {Carrasco Kind}, M.
        and {Carretero}, J. and {Cunha}, C.~E. and {D'Andrea}, C.~B. and
        {da Costa}, L.~N. and {Davis}, C. and {De Vicente}, J. and
        {Diehl}, H.~T. and {Doel}, P. and {Eifler}, T.~F. and
        {Flaugher}, B. and {Fosalba}, P. and {Frieman}, J. and
        {Garc{\'\i}a-Bellido}, J. and {Gaztanaga}, E. and {Gruen}, D.
        and {Gruendl}, R.~A. and {Gschwend}, J. and {Gutierrez}, G. and
        {Hartley}, W.~G. and {Hollowood}, D.~L. and {Honscheid}, K. and
        {James}, D.~J. and {Kuehn}, K. and {Kuropatkin}, N. and {Maia},
        M.~A.~G. and {March}, M. and {Marshall}, J.~L. and {Menanteau},
        F. and {Miquel}, R. and {Ogando}, R.~L.~C. and {Plazas}, A.~A.
        and {Sanchez}, E. and {Scarpine}, V. and {Schindler}, R. and
        {Sevilla-Noarbe}, I. and {Smith}, M. and {Smith}, R.~C. and
        {Soares-Santos}, M. and {Sobreira}, F. and {Suchyta}, E. and
        {Swanson}, M.~E.~C. and {Walker}, A.~R. and {DES Collaboration}},
        title = "{Discovery and Dynamical Analysis of an Extreme Trans-Neptunian Object
        with a High Orbital Inclination}",
      journal = {\aj},
     keywords = {Kuiper belt objects: individual:: 2015 BP519, planets and satellites:
        dynamical evolution and stability, Astrophysics - Earth and
        Planetary Astrophysics},
         year = 2018,
        month = Aug,
       volume = {156},
          eid = {81},
        pages = {81},
          doi = {10.3847/1538-3881/aad042},
 primaryClass = {astro-ph.EP},
       adsurl = {https://ui.adsabs.harvard.edu/#abs/2018AJ....156...81B},
      adsnote = {Provided by the SAO/NASA Astrophysics Data System}
}

@ARTICLE{Li:2014,
   author = {{Li}, G. and {Naoz}, S. and {Kocsis}, B. and {Loeb}, A.},
    title = "{Eccentricity Growth and Orbit Flip in Near-coplanar Hierarchical Three-body Systems}",
  journal = {\apj},
archivePrefix = "arXiv",
   eprint = {1310.6044},
 primaryClass = "astro-ph.EP",
 keywords = {binaries (including multiple): close, celestial mechanics, planets and satellites: dynamical evolution and stability},
     year = 2014,
    month = apr,
   volume = 785,
      eid = {116},
    pages = {116},
      doi = {10.1088/0004-637X/785/2/116},
   adsurl = {http://adsabs.harvard.edu/abs/2014ApJ...785..116L},
  adsnote = {Provided by the SAO/NASA Astrophysics Data System}
}

@ARTICLE{Fernandez:2000,
       author = {{Fern{\'a}ndez}, Julio A. and {Brunini}, Adri{\'a}n},
        title = "{The Buildup of a Tightly Bound Comet Cloud around an Early Sun Immersed
        in a Dense Galactic Environment: Numerical Experiments}",
      journal = {\icarus},
         year = 2000,
        month = Jun,
       volume = {145},
        pages = {580-590},
          doi = {10.1006/icar.2000.6348},
       adsurl = {https://ui.adsabs.harvard.edu/#abs/2000Icar..145..580F},
      adsnote = {Provided by the SAO/NASA Astrophysics Data System}
}

@ARTICLE{Madigan:2018,
       author = {{Madigan}, Ann-Marie and {Zderic}, Alexander and {McCourt}, Michael and
        {Fleisig}, Jacob},
        title = "{On the Dynamics of the Inclination Instability}",
      journal = {\aj},
     keywords = {celestial mechanics, minor planets, asteroids: general, planets and
        satellites: dynamical evolution and stability, Astrophysics -
        Earth and Planetary Astrophysics},
         year = 2018,
        month = Oct,
       volume = {156},
          eid = {141},
        pages = {141},
          doi = {10.3847/1538-3881/aad95c},
 primaryClass = {astro-ph.EP},
       adsurl = {https://ui.adsabs.harvard.edu/#abs/2018AJ....156..141M},
      adsnote = {Provided by the SAO/NASA Astrophysics Data System}
}

@ARTICLE{Levison:2010,
       author = {{Levison}, Harold F. and {Duncan}, Martin J. and {Brasser}, Ramon and
        {Kaufmann}, David E.},
        title = "{Capture of the Sun's Oort Cloud from Stars in Its Birth Cluster}",
      journal = {Science},
         year = 2010,
        month = Jun,
       volume = {329},
        pages = {187-190},
          doi = {10.1126/science.1187535},
       adsurl = {https://ui.adsabs.harvard.edu/#abs/2010Sci...329..187L},
      adsnote = {Provided by the SAO/NASA Astrophysics Data System}
}

@article{Brasser:2006,
author = {Brasser, R and Duncan, M. J. and Levison, Harold F},
title = {{Embedded star clusters and the formation of the Oort Cloud}},
year = {2006},
volume = {184},
number = {1},
pages = {59--82},
month = sep,
journal = {Icarus},
}

@article{Kaib:2009,
author = {Kaib, Nathan A and Becker, Andrew C and Jones, R Lynne and Puckett, Andrew W and Bizyaev, Dmitry and Dilday, Benjamin and Frieman, Joshua A and Oravetz, Daniel J and Pan, Kaike and Quinn, Thomas and Schneider, Donald P and Watters, Shannon},
title = {{2006 SQ 372: A LIKELY LONG-PERIOD COMET FROM THE INNER OORT CLOUD}},
year = {2009},
volume = {695},
number = {1},
pages = {268--275},
month = mar,
journal = {\apj}}
}

@ARTICLE{nesvorny17,
   author = {{Nesvorn{\'y}}, D. and {Vokrouhlick{\'y}}, D. and {Dones}, L. and 
	{Levison}, H.~F. and {Kaib}, N. and {Morbidelli}, A.},
    title = "{Origin and Evolution of Short-period Comets}",
  journal = {\apj},
archivePrefix = "arXiv",
   eprint = {1706.07447},
 primaryClass = "astro-ph.EP",
 keywords = {comets: general},
     year = 2017,
    month = aug,
   volume = 845,
      eid = {27},
    pages = {27},
      doi = {10.3847/1538-4357/aa7cf6},
   adsurl = {http://adsabs.harvard.edu/abs/2017ApJ...845...27N},
  adsnote = {Provided by the SAO/NASA Astrophysics Data System}
}

@ARTICLE{becker18,
   author = {{Becker}, J.~C. and {Khain}, T. and {Hamilton}, S.~J. and {Adams}, F.~C. and 
	{Gerdes}, D.~W. and {Zullo}, L. and {Franson}, K. and {Millholland}, S. and 
	{Bernstein}, G.~M. and {Sako}, M. and {Bernardinelli}, P. and 
	{Napier}, K. and {Markwardt}, L. and {Lin}, H.~W. and {Wester}, W. and 
	{Abdalla}, F.~B. and {Allam}, S. and {Annis}, J. and {Avila}, S. and 
	{Bertin}, E. and {Brooks}, D. and {Carnero Rosell}, A. and {Carrasco Kind}, M. and 
	{Carretero}, J. and {Cunha}, C.~E. and {D'Andrea}, C.~B. and 
	{da Costa}, L.~N. and {Davis}, C. and {De Vicente}, J. and {Diehl}, H.~T. and 
	{Doel}, P. and {Eifler}, T.~F. and {Flaugher}, B. and {Fosalba}, P. and 
	{Frieman}, J. and {Garc{\'{\i}}a-Bellido}, J. and {Gaztanaga}, E. and 
	{Gruen}, D. and {Gruendl}, R.~A. and {Gschwend}, J. and {Gutierrez}, G. and 
	{Hartley}, W.~G. and {Hollowood}, D.~L. and {Honscheid}, K. and 
	{James}, D.~J. and {Kuehn}, K. and {Kuropatkin}, N. and {Maia}, M.~A.~G. and 
	{March}, M. and {Marshall}, J.~L. and {Menanteau}, F. and {Miquel}, R. and 
	{Ogando}, R.~L.~C. and {Plazas}, A.~A. and {Sanchez}, E. and 
	{Scarpine}, V. and {Schindler}, R. and {Sevilla-Noarbe}, I. and 
	{Smith}, M. and {Smith}, R.~C. and {Soares-Santos}, M. and {Sobreira}, F. and 
	{Suchyta}, E. and {Swanson}, M.~E.~C. and {Walker}, A.~R. and 
	{DES Collaboration}},
    title = "{Discovery and Dynamical Analysis of an Extreme Trans-Neptunian Object with a High Orbital Inclination}",
  journal = {\aj},
archivePrefix = "arXiv",
   eprint = {1805.05355},
 primaryClass = "astro-ph.EP",
 keywords = {Kuiper belt objects: individual:: 2015 BP519, planets and satellites: dynamical evolution and stability},
     year = 2018,
    month = aug,
   volume = 156,
      eid = {81},
    pages = {81},
      doi = {10.3847/1538-3881/aad042},
   adsurl = {http://adsabs.harvard.edu/abs/2018AJ....156...81B},
  adsnote = {Provided by the SAO/NASA Astrophysics Data System}
}


@ARTICLE{Kiss13,
   author = {{Kiss}, C. and {Szab{\'o}}, G. and {Horner}, J. and {Conn}, B.~C. and 
	{M{\"u}ller}, T.~G. and {Vilenius}, E. and {S{\'a}rneczky}, K. and 
	{Kiss}, L.~L. and {Bannister}, M. and {Bayliss}, D. and {P{\'a}l}, A. and 
	{G{\'o}bi}, S. and {Vereb{\'e}lyi}, E. and {Lellouch}, E. and 
	{Santos-Sanz}, P. and {Ortiz}, J.~L. and {Duffard}, R. and {Morales}, N.
	},
    title = "{A portrait of the extreme solar system object 2012 DR$_{30}$}",
  journal = {\aap},
archivePrefix = "arXiv",
   eprint = {1304.7112},
 primaryClass = "astro-ph.EP",
 keywords = {Kuiper belt: general, Kuiper belt objects: individual: 2012 DR30},
     year = 2013,
    month = jul,
   volume = 555,
      eid = {A3},
    pages = {A3},
      doi = {10.1051/0004-6361/201321147},
   adsurl = {http://adsabs.harvard.edu/abs/2013A%26A...555A...3K},
  adsnote = {Provided by the SAO/NASA Astrophysics Data System}
}

@ARTICLE{schwambetal10,
       author = {{Schwamb}, Megan E. and {Brown}, Michael E. and {Rabinowitz}, David L.
        and {Ragozzine}, Darin},
        title = "{Properties of the Distant Kuiper Belt: Results from the Palomar Distant
        Solar System Survey}",
      journal = {\apj},
     keywords = {Kuiper Belt: general, Oort Cloud, Astrophysics - Earth and Planetary
        Astrophysics},
         year = 2010,
        month = Sep,
       volume = {720},
        pages = {1691-1707},
          doi = {10.1088/0004-637X/720/2/1691},
archivePrefix = {arXiv},
       eprint = {1007.2954},
 primaryClass = {astro-ph.EP},
       adsurl = {https://ui.adsabs.harvard.edu/#abs/2010ApJ...720.1691S},
      adsnote = {Provided by the SAO/NASA Astrophysics Data System}
}

@ARTICLE{levison06,
   author = {{Levison}, H.~F. and {Duncan}, M.~J. and {Dones}, L. and {Gladman}, B.~J.
	},
    title = "{The scattered disk as a source of Halley-type comets}",
  journal = {\icarus},
     year = 2006,
    month = oct,
   volume = 184,
    pages = {619-633},
      doi = {10.1016/j.icarus.2006.05.008},
   adsurl = {http://adsabs.harvard.edu/abs/2006Icar..184..619L},
  adsnote = {Provided by the SAO/NASA Astrophysics Data System}
}

@ARTICLE{gladman05,
   author = {{Gladman}, B.},
    title = "{The Kuiper Belt and the Solar System's Comet Disk}",
  journal = {Science},
     year = 2005,
    month = jan,
   volume = 307,
    pages = {71-75},
      doi = {10.1126/science.1100553},
   adsurl = {http://adsabs.harvard.edu/abs/2005Sci...307...71G},
  adsnote = {Provided by the SAO/NASA Astrophysics Data System}
}

@article{Duncan1987,
author = {Duncan, M and Quinn, T and Tremaine, S},
title = {{The formation and extent of the Solar System comet cloud}},
journal = {The Astronomical Journal},
year = {1987},
volume = {94},
pages = {1330--1338},
month = nov
}

@ARTICLE{sheppard18,
   author = {{Sheppard}, S. and {Trujillo}, C. and {Tholen}, D. and {Kaib}, N.
	},
    title = "{A New High Perihelion Inner Oort Cloud Object}",
  journal = {AJ submitted},
archivePrefix = "arXiv",
   eprint = {1810.00013},
 primaryClass = "astro-ph.EP",
 keywords = {Astrophysics - Earth and Planetary Astrophysics, Astrophysics - Instrumentation and Methods for Astrophysics, Astrophysics - Solar and Stellar Astrophysics},
     year = 2018,
    month = sep,
   adsurl = {http://adsabs.harvard.edu/abs/2018arXiv181000013S},
  adsnote = {Provided by the SAO/NASA Astrophysics Data System}
}

@ARTICLE{Nesvornyetal2016,
   author = {{Nesvorn{\'y}}, D. and {Vokrouhlick{\'y}}, D. and {Roig}, F.
	},
    title = "{The Orbital Distribution of Trans-Neptunian Objects Beyond 50 au}",
  journal = {\apjl},
archivePrefix = "arXiv",
   eprint = {1607.08279},
 primaryClass = "astro-ph.EP",
 keywords = {Kuiper belt: general},
     year = 2016,
    month = aug,
   volume = 827,
      eid = {L35},
    pages = {L35},
      doi = {10.3847/2041-8205/827/2/L35},
   adsurl = {http://adsabs.harvard.edu/abs/2016ApJ...827L..35N},
  adsnote = {Provided by the SAO/NASA Astrophysics Data System}
}

@ARTICLE{NesvornyRoig2001,
   author = {{Nesvorn{\'y}}, D. and {Roig}, F.},
    title = "{Mean Motion Resonances in the Transneptunian Region Part II: The 1 : 2, 3 : 4, and Weaker Resonances}",
  journal = {Icarus},
     year = 2001,
    month = mar,
   volume = 150,
    pages = {104-123},
      doi = {10.1006/icar.2000.6568},
   adsurl = {http://adsabs.harvard.edu/abs/2001Icar..150..104N},
  adsnote = {Provided by the SAO/NASA Astrophysics Data System}
}

@ARTICLE{NesvornyRoig2000,
   author = {{Nesvorn{\'y}}, D. and {Roig}, F.},
    title = "{Mean Motion Resonances in the Trans-neptunian Region I. The 2:3 Resonance with Neptune}",
  journal = {\icarus},
     year = 2000,
    month = nov,
   volume = 148,
    pages = {282-300},
      doi = {10.1006/icar.2000.6480},
   adsurl = {http://adsabs.harvard.edu/abs/2000Icar..148..282N},
  adsnote = {Provided by the SAO/NASA Astrophysics Data System}
}

@ARTICLE{Kozai1962,
   author = {{Kozai}, Y.},
    title = "{Secular perturbations of asteroids with high inclination and eccentricity}",
  journal = {\aj},
     year = 1962,
    month = nov,
   volume = 67,
    pages = {591-+},
      doi = {10.1086/108790},
   adsurl = {http://adsabs.harvard.edu/abs/1962AJ.....67..591K},
  adsnote = {Provided by the SAO/NASA Astrophysics Data System}
}

@ARTICLE{Lietal2018,
   author = {{Li}, G. and {Hadden}, S. and {Payne}, M. and {Holman}, M.~J.
	},
    title = "{The Secular Dynamics of TNOs and Planet Nine Interactions}",
  journal = {\aj\ in press},
archivePrefix = "arXiv",
   eprint = {1806.06867},
 primaryClass = "astro-ph.EP",
 keywords = {Astrophysics - Earth and Planetary Astrophysics},
     year = 2018,
    month = jun,
   adsurl = {http://adsabs.harvard.edu/abs/2018arXiv180606867L},
  adsnote = {Provided by the SAO/NASA Astrophysics Data System}
}

@ARTICLE{LykawkaMukai2008,
   author = {{Lykawka}, P.~S. and {Mukai}, T.},
    title = "{An Outer Planet Beyond Pluto and the Origin of the Trans-Neptunian Belt Architecture}",
  journal = {\aj},
archivePrefix = "arXiv",
   eprint = {0712.2198},
 keywords = {Kuiper Belt, methods: N-body simulations, minor planets, asteroids, solar system: formation},
     year = 2008,
    month = apr,
   volume = 135,
    pages = {1161-1200},
      doi = {10.1088/0004-6256/135/4/1161},
   adsurl = {http://adsabs.harvard.edu/abs/2008AJ....135.1161L},
  adsnote = {Provided by the SAO/NASA Astrophysics Data System}
}

@INPROCEEDINGS{Fleisigetal2018,
   author = {{Fleisig}, J. and {Madigan}, A.-M. and {Zderic}, A.},
    title = "{On The Detachment of Massive Trans-Neptunian Objects}",
booktitle = {American Astronomical Society Meeting Abstracts \#232},
     year = 2018,
   series = {American Astronomical Society Meeting Abstracts},
   volume = 232,
    month = jun,
      eid = {\#123.04},
    pages = {\#123.04},
   adsurl = {http://adsabs.harvard.edu/abs/2018AAS...23212304F},
  adsnote = {Provided by the SAO/NASA Astrophysics Data System}
}

@ARTICLE{Jilkovaetal2015,
   author = {{J{\'{\i}}lkov{\'a}}, L. and {Portegies Zwart}, S. and {Pijloo}, T. and 
	{Hammer}, M.},
    title = "{How Sedna and family were captured in a close encounter with a solar sibling}",
  journal = {\mnras},
archivePrefix = "arXiv",
   eprint = {1506.03105},
 primaryClass = "astro-ph.EP",
 keywords = {celestial mechanics, planetary systems, minor planets, asteroids: general, minor planets, asteroids: individual: Sedna, 2012 VP$_{113}$, open clusters and associations},
     year = 2015,
    month = nov,
   volume = 453,
    pages = {3157-3162},
      doi = {10.1093/mnras/stv1803},
   adsurl = {http://adsabs.harvard.edu/abs/2015MNRAS.453.3157J},
  adsnote = {Provided by the SAO/NASA Astrophysics Data System}
}

@ARTICLE{Pfalzneretal2018,
   author = {{Pfalzner}, S. and {Bhandare}, A. and {Vincke}, K. and {Lacerda}, P.
	},
    title = "{Outer Solar System Possibly Shaped by a Stellar Fly-by}",
  journal = {\apj},
archivePrefix = "arXiv",
   eprint = {1807.02960},
 keywords = {Kuiper belt: general, minor planets, asteroids: general, open clusters and associations: general, planetary systems, planets and satellites: formation, protoplanetary disks},
     year = 2018,
    month = aug,
   volume = 863,
      eid = {45},
    pages = {45},
      doi = {10.3847/1538-4357/aad23c},
   adsurl = {http://adsabs.harvard.edu/abs/2018ApJ...863...45P},
  adsnote = {Provided by the SAO/NASA Astrophysics Data System}
}

@ARTICLE{KaibQuinn2008,
   author = {{Kaib}, N.~A. and {Quinn}, T.},
    title = "{The formation of the Oort cloud in open cluster environments}",
  journal = {\icarus},
archivePrefix = "arXiv",
   eprint = {0707.4515},
     year = 2008,
    month = sep,
   volume = 197,
    pages = {221-238},
      doi = {10.1016/j.icarus.2008.03.020},
   adsurl = {http://adsabs.harvard.edu/abs/2008Icar..197..221K},
  adsnote = {Provided by the SAO/NASA Astrophysics Data System}
}

@ARTICLE{Donesetal2015,
   author = {{Dones}, L. and {Brasser}, R. and {Kaib}, N. and {Rickman}, H.
	},
    title = "{Origin and Evolution of the Cometary Reservoirs}",
  journal = {\ssr},
 keywords = {Comets, Long-period comets, Jupiter-family comets, Main-belt comets, Oort Cloud, Kuiper Belt, Comets: individual: 67P/Churyumov-Gerasimenko},
     year = 2015,
    month = dec,
   volume = 197,
    pages = {191-269},
      doi = {10.1007/s11214-015-0223-2},
   adsurl = {http://adsabs.harvard.edu/abs/2015SSRv..197..191D},
  adsnote = {Provided by the SAO/NASA Astrophysics Data System}
}

@ARTICLE{Sheppardetal2016,
   author = {{Sheppard}, S.~S. and {Trujillo}, C. and {Tholen}, D.~J.},
    title = "{Beyond the Kuiper Belt Edge: New High Perihelion Trans-Neptunian Objects with Moderate Semimajor Axes and Eccentricities}",
  journal = {\apjl},
archivePrefix = "arXiv",
   eprint = {1606.02294},
 primaryClass = "astro-ph.EP",
 keywords = {comets: general, Kuiper Belt: general, minor planets, asteroids: general, Oort Cloud, planets and satellites: individual: Sedna, 2012 VP113, 2004 XR190},
     year = 2016,
    month = jul,
   volume = 825,
      eid = {L13},
    pages = {L13},
      doi = {10.3847/2041-8205/825/1/L13},
   adsurl = {http://adsabs.harvard.edu/abs/2016ApJ...825L..13S},
  adsnote = {Provided by the SAO/NASA Astrophysics Data System}
}

@ARTICLE{silsbee18,
       author = {{Silsbee}, Kedron and {Tremaine}, Scott},
        title = "{Producing Distant Planets by Mutual Scattering of Planetary Embryos}",
      journal = {\aj},
     keywords = {Kuiper belt: general, minor planets, asteroids: general, Oort Cloud,
        planets and satellites: dynamical evolution and stability,
        Astrophysics - Earth and Planetary Astrophysics},
         year = 2018,
        month = Feb,
       volume = {155},
          eid = {75},
        pages = {75},
          doi = {10.3847/1538-3881/aaa19b},
 primaryClass = {astro-ph.EP},
       adsurl = {https://ui.adsabs.harvard.edu/#abs/2018AJ....155...75S},
      adsnote = {Provided by the SAO/NASA Astrophysics Data System}
}

@ARTICLE{gladmanchan06,
       author = {{Gladman}, Brett and {Chan}, Collin},
        title = "{Production of the Extended Scattered Disk by Rogue Planets}",
      journal = {\apj},
     keywords = {Kuiper Belt, Solar System: Formation},
         year = 2006,
        month = Jun,
       volume = {643},
        pages = {L135-L138},
          doi = {10.1086/505214},
       adsurl = {https://ui.adsabs.harvard.edu/#abs/2006ApJ...643L.135G},
      adsnote = {Provided by the SAO/NASA Astrophysics Data System}
}

@ARTICLE{gallardo12,
       author = {{Gallardo}, Tabar{\'e} and {Hugo}, Gast{\'o}n and {Pais}, Pablo},
        title = "{Survey of Kozai dynamics beyond Neptune}",
      journal = {\icarus},
     keywords = {Astrophysics - Earth and Planetary Astrophysics},
         year = 2012,
        month = Aug,
       volume = {220},
        pages = {392-403},
          doi = {10.1016/j.icarus.2012.05.025},
archivePrefix = {arXiv},
       eprint = {1205.4935},
 primaryClass = {astro-ph.EP},
       adsurl = {https://ui.adsabs.harvard.edu/#abs/2012Icar..220..392G},
      adsnote = {Provided by the SAO/NASA Astrophysics Data System}
}

@ARTICLE{pikelawler17,
       author = {{Pike}, R.~E. and {Lawler}, S.~M.},
        title = "{Details of Resonant Structures within a Nice Model Kuiper Belt:
        Predictions for High-perihelion TNO Detections}",
      journal = {\aj},
     keywords = {Kuiper belt: general, planets and satellites: dynamical evolution and
        stability, Astrophysics - Earth and Planetary Astrophysics},
         year = 2017,
        month = Oct,
       volume = {154},
          eid = {171},
        pages = {171},
          doi = {10.3847/1538-3881/aa8b65},
 primaryClass = {astro-ph.EP},
       adsurl = {https://ui.adsabs.harvard.edu/#abs/2017AJ....154..171P},
      adsnote = {Provided by the SAO/NASA Astrophysics Data System}
}

@ARTICLE{lawler18res,
       author = {{Lawler}, S.~M. and {Pike}, R.~E. and {Kaib}, N. and {Alexandersen}, M.
        and {Bannister}, M.~T. and {Chen}, Y. -T. and {Gladman}, B. and
        {Gwyn}, S. and {Kavelaars}, J.~J. and {Petit}, J. -M. and
        {Volk}, K.},
        title = "{OSSOS: XIII. Fossilized Resonant Dropouts Imply Neptune's Migration was
        Grainy and Slow}",
      journal = {\aj\ submitted},
     keywords = {Astrophysics - Earth and Planetary Astrophysics},
         year = 2018,
        month = Aug,
          eid = {arXiv:1808.02618},
        pages = {arXiv:1808.02618},
archivePrefix = {arXiv},
       eprint = {1808.02618},
 primaryClass = {astro-ph.EP},
       adsurl = {https://ui.adsabs.harvard.edu/#abs/2018arXiv180802618L},
      adsnote = {Provided by the SAO/NASA Astrophysics Data System}
}

@ARTICLE{kaib16,
       author = {{Kaib}, Nathan A. and {Sheppard}, Scott S.},
        title = "{Tracking Neptune{\textquoteright}s Migration History through High-
        perihelion Resonant Trans-Neptunian Objects}",
      journal = {\aj},
     keywords = {Kuiper belt: general, Kuiper belt objects: individual: 2015 KH162,
        planet─disk interactions, planets and satellites: dynamical
        evolution and stability, planets and satellites: formation,
        planets and satellites: gaseous planets, Astrophysics - Earth
        and Planetary Astrophysics},
         year = 2016,
        month = Nov,
       volume = {152},
          eid = {133},
        pages = {133},
          doi = {10.3847/0004-6256/152/5/133},
 primaryClass = {astro-ph.EP},
       adsurl = {https://ui.adsabs.harvard.edu/#abs/2016AJ....152..133K},
      adsnote = {Provided by the SAO/NASA Astrophysics Data System}
}

@ARTICLE{nesvorny16,
       author = {{Nesvorn{\'y}}, David and {Vokrouhlick{\'y}}, David},
        title = "{Neptune's Orbital Migration Was Grainy, Not Smooth}",
      journal = {\apj},
     keywords = {Kuiper Belt: general, planets and satellites: dynamical evolution and
        stability, Astrophysics - Earth and Planetary Astrophysics},
         year = 2016,
        month = Jul,
       volume = {825},
          eid = {94},
        pages = {94},
          doi = {10.3847/0004-637X/825/2/94},
 primaryClass = {astro-ph.EP},
       adsurl = {https://ui.adsabs.harvard.edu/#abs/2016ApJ...825...94N},
      adsnote = {Provided by the SAO/NASA Astrophysics Data System}
}

@ARTICLE{gladman02,
       author = {{Gladman}, B. and {Holman}, M. and {Grav}, T. and {Kavelaars}, J. and
        {Nicholson}, P. and {Aksnes}, K. and {Petit}, J. -M.},
        title = "{Evidence for an Extended Scattered Disk}",
      journal = {\icarus},
     keywords = {Astrophysics},
         year = 2002,
        month = Jun,
       volume = {157},
        pages = {269-279},
          doi = {10.1006/icar.2002.6860},
archivePrefix = {arXiv},
       eprint = {astro-ph/0103435},
 primaryClass = {astro-ph},
       adsurl = {https://ui.adsabs.harvard.edu/#abs/2002Icar..157..269G},
      adsnote = {Provided by the SAO/NASA Astrophysics Data System}
}

@ARTICLE{malhotra93,
       author = {{Malhotra}, Renu},
        title = "{The origin of Pluto's peculiar orbit}",
      journal = {\nat},
         year = 1993,
        month = Oct,
       volume = {365},
        pages = {819-821},
          doi = {10.1038/365819a0},
       adsurl = {https://ui.adsabs.harvard.edu/#abs/1993Natur.365..819M},
      adsnote = {Provided by the SAO/NASA Astrophysics Data System}
}

@ARTICLE{shankman17bias,
       author = {{Shankman}, Cory and {Kavelaars}, J.~J. and {Bannister}, Michele T. and
        {Gladman}, Brett J. and {Lawler}, Samantha M. and {Chen}, Ying-
        Tung and {Jakubik}, Marian and {Kaib}, Nathan and
        {Alexandersen}, Mike and {Gwyn}, Stephen D.~J. and {Petit},
        Jean-Marc and {Volk}, Kathryn},
        title = "{OSSOS. VI. Striking Biases in the Detection of Large Semimajor Axis
        Trans-Neptunian Objects}",
      journal = {\aj},
     keywords = {Kuiper belt: general, Astrophysics - Earth and Planetary Astrophysics},
         year = 2017,
        month = Aug,
       volume = {154},
          eid = {50},
        pages = {50},
          doi = {10.3847/1538-3881/aa7aed},
 primaryClass = {astro-ph.EP},
       adsurl = {https://ui.adsabs.harvard.edu/#abs/2017AJ....154...50S},
      adsnote = {Provided by the SAO/NASA Astrophysics Data System}
}

@ARTICLE{bannister18,
       author = {{Bannister}, Michele T. and {Gladman}, Brett J. and {Kavelaars}, J.~J.
        and {Petit}, Jean-Marc and {Volk}, Kathryn and {Chen}, Ying-Tung
        and {Alexandersen}, Mike and {Gwyn}, Stephen D.~J. and
        {Schwamb}, Megan E. and {Ashton}, Edward and {Benecchi}, Susan
        D. and {Cabral}, Nahuel and {Dawson}, Rebekah I. and {Delsanti},
        Audrey and {Fraser}, Wesley C. and {Granvik}, Mikael and
        {Greenstreet}, Sarah and {Guilbert-Lepoutre}, Aur{\'e}lie and
        {Ip}, Wing-Huen and {Jakubik}, Marian and {Jones}, R. Lynne and
        {Kaib}, Nathan A. and {Lacerda}, Pedro and {Van Laerhoven},
        Christa and {Lawler}, Samantha and {Lehner}, Matthew J. and
        {Lin}, Hsing Wen and {Lykawka}, Patryk Sofia and {Marsset},
        Micha{\"e}l and {Murray-Clay}, Ruth and {Pike}, Rosemary E. and
        {Rousselot}, Philippe and {Shankman}, Cory and {Thirouin},
        Audrey and {Vernazza}, Pierre and {Wang}, Shiang-Yu},
        title = "{OSSOS. VII. 800+ Trans-Neptunian Objects{\textemdash}The Complete Data
        Release}",
      journal = {The Astrophysical Journal Supplement Series},
     keywords = {Kuiper belt: general, surveys, Astrophysics - Earth and Planetary
        Astrophysics},
         year = 2018,
        month = May,
       volume = {236},
          eid = {18},
        pages = {18},
          doi = {10.3847/1538-4365/aab77a},
 primaryClass = {astro-ph.EP},
       adsurl = {https://ui.adsabs.harvard.edu/#abs/2018ApJS..236...18B},
      adsnote = {Provided by the SAO/NASA Astrophysics Data System}
}

@ARTICLE{lawler2018scat,
   author = {{Lawler}, S.~M. and {Shankman}, C. and {Kavelaars}, J.~J. and 
	{Alexandersen}, M. and {Bannister}, M.~T. and {Chen}, Y.-T. and 
	{Gladman}, B. and {Fraser}, W.~C. and {Gwyn}, S. and {Kaib}, N. and 
	{Petit}, J.-M. and {Volk}, K.},
    title = "{OSSOS. VIII. The Transition between Two Size Distribution Slopes in the Scattering Disk}",
  journal = {\aj},
archivePrefix = "arXiv",
   eprint = {1803.07521},
 primaryClass = "astro-ph.EP",
 keywords = {Kuiper belt: general},
     year = 2018,
    month = may,
   volume = 155,
      eid = {197},
    pages = {197},
      doi = {10.3847/1538-3881/aab8ff},
   adsurl = {http://adsabs.harvard.edu/abs/2018AJ....155..197L},
  adsnote = {Provided by the SAO/NASA Astrophysics Data System}
}

@ARTICLE{kaib09,
   author = {{Kaib}, N.~A. and {Quinn}, T.},
    title = "{Reassessing the Source of Long-Period Comets}",
  journal = {Science},
archivePrefix = "arXiv",
   eprint = {0912.1645},
 primaryClass = "astro-ph.EP",
     year = 2009,
    month = sep,
   volume = 325,
    pages = {1234},
      doi = {10.1126/science.1172676},
   adsurl = {http://adsabs.harvard.edu/abs/2009Sci...325.1234K},
  adsnote = {Provided by the SAO/NASA Astrophysics Data System}
}

@INPROCEEDINGS{dones04,
   author = {{Dones}, L. and {Weissman}, P.~R. and {Levison}, H.~F. and {Duncan}, M.~J.
	},
    title = "{Oort Cloud Formation and Dynamics}",
booktitle = {Star Formation in the Interstellar Medium: In Honor of David Hollenbach},
     year = 2004,
   series = {Astronomical Society of the Pacific Conference Series},
   volume = 323,
   editor = {{Johnstone}, D. and {Adams}, F.~C. and {Lin}, D.~N.~C. and {Neufeeld}, D.~A. and 
	{Ostriker}, E.~C.},
    month = dec,
    pages = {371},
   adsurl = {http://adsabs.harvard.edu/abs/2004ASPC..323..371D},
  adsnote = {Provided by the SAO/NASA Astrophysics Data System}
}

@ARTICLE{heisler86,
   author = {{Heisler}, J. and {Tremaine}, S.},
    title = "{The influence of the galactic tidal field on the Oort comet cloud}",
  journal = {\icarus},
 keywords = {Comets, Gravitational Fields, Hydrogen Clouds, Milky Way Galaxy, Oort Cloud, Orbit Calculation, Angular Momentum, Orbital Elements, Tides, COMETS, SOURCE, TIDAL EFFECTS, GRAVITY EFFECTS, PERTURBATIONS, ANALYSIS, DYNAMICS, ORBITS, ANGULAR MOMENTUM, EVOLUTION, OORT CLOUD, CALCULATIONS, MOTION, CELESTIAL MECHANICS, INTERACTIONS},
     year = 1986,
    month = jan,
   volume = 65,
    pages = {13-26},
      doi = {10.1016/0019-1035(86)90060-6},
   adsurl = {http://adsabs.harvard.edu/abs/1986Icar...65...13H},
  adsnote = {Provided by the SAO/NASA Astrophysics Data System}
}

@ARTICLE{madigan2016,
       author = {{Madigan}, Ann-Marie and {McCourt}, Michael},
        title = "{A new inclination instability reshapes Keplerian discs into cones:
        application to the outer Solar system}",
      journal = {\mnras},
     keywords = {celestial mechanics, minor planets, asteroids: general, planets and
        satellites: dynamical evolution and stability, stars: kinematics
        and dynamics, Astrophysics - Earth and Planetary Astrophysics,
        Astrophysics - Astrophysics of Galaxies},
         year = 2016,
        month = Mar,
       volume = {457},
        pages = {L89-L93},
          doi = {10.1093/mnrasl/slv203},
 primaryClass = {astro-ph.EP},
       adsurl = {https://ui.adsabs.harvard.edu/#abs/2016MNRAS.457L..89M},
      adsnote = {Provided by the SAO/NASA Astrophysics Data System}
}

@ARTICLE{lawler2018,
       author = {{Lawler}, Samantha M. and {Kavelaars}, J.~J. and {Alexandersen}, Mike
        and {Bannister}, Michele T. and {Gladman}, Brett and {Petit},
        Jean-Marc and {Shankman}, Cory},
        title = "{OSSOS: X. How to use a Survey Simulator: Statistical Testing of
        Dynamical Models Against the Real Kuiper Belt}",
      journal = {Frontiers in Astronomy and Space Sciences},
     keywords = {Kuiper Belt, Trans-neptunian objects, observational surveys, Survey
        biases, Dynamical Models, Numerical methods, statistics,
        Astrophysics - Earth and Planetary Astrophysics},
         year = 2018,
        month = May,
       volume = {5},
          eid = {14},
        pages = {14},
          doi = {10.3389/fspas.2018.00014},
 primaryClass = {astro-ph.EP},
       adsurl = {https://ui.adsabs.harvard.edu/#abs/2018FrASS...5...14L},
      adsnote = {Provided by the SAO/NASA Astrophysics Data System}
}

@MISC{petit2018,
   author = {{Petit}, J.-M. and {Kavelaars}, J.~J. and {Gladman}, B. and 
	{Alexandersen}, M.},
    title = "{OSS: OSSOS Survey Simulator}",
 keywords = {Software },
howpublished = {Astrophysics Source Code Library},
     year = 2018,
    month = may,
archivePrefix = "ascl",
   eprint = {1805.014},
   publisher = {Astrophysical Source Code Library},
   adsurl = {http://adsabs.harvard.edu/abs/2018ascl.soft05014P},
  adsnote = {Provided by the SAO/NASA Astrophysics Data System}
}

@book{fisher95,
        Author = {{Fisher}, N.~I.},
        Date-Added = {2017-06-08 23:10:10 +0000},
        Date-Modified = {2017-06-08 23:15:35 +0000},
        Pages = {71},
        Publisher = {Cambridge University Press},
        Title = {Statistical Analysis of Circular Data},
        Year = {1995}}

@book{pewsey13,
        Author = {{Pewsey}, A. and {Neuh{\"a}user}, M. and {Ruxton}, D.},
        Date-Added = {2017-06-08 23:06:24 +0000},
        Date-Modified = {2017-06-08 23:15:58 +0000},
        Pages = {82-85},
        Publisher = {OUP Oxford},
        Title = {Circular Statistics in R},
        Year = {2013}}

@inproceedings{boulade03,
	Adsnote = {Provided by the SAO/NASA Astrophysics Data System},
	Adsurl = {http://adsabs.harvard.edu/abs/2003SPIE.4841...72B},
	Author = {{Boulade}, O. and {Charlot}, X. and {Abbon}, P. and {Aune}, S. and {Borgeaud}, P. and {Carton}, P.-H. and {Carty}, M. and {Da Costa}, J. and {Deschamps}, H. and {Desforge}, D. and {Eppell{\'e}}, D. and {Gallais}, P. and {Gosset}, L. and {Granelli}, R. and {Gros}, M. and {de Kat}, J. and {Loiseau}, D. and {Ritou}, J.-. and {Rouss{\'e}}, J.~Y. and {Starzynski}, P. and {Vignal}, N. and {Vigroux}, L.~G.},
	Booktitle = {Instrument Design and Performance for Optical/Infrared Ground-based Telescopes},
	Date-Added = {2017-04-18 21:45:24 +0000},
	Date-Modified = {2017-04-18 21:45:42 +0000},
	Doi = {10.1117/12.459890},
	Editor = {{Iye}, M. and {Moorwood}, A.~F.~M.},
	Month = mar,
	Pages = {72-81},
	Series = {\procspie},
	Title = {{MegaCam: the new Canada-France-Hawaii Telescope wide-field imaging camera}},
	Volume = 4841,
	Year = 2003,
	Bdsk-Url-1 = {http://dx.doi.org/10.1117/12.459890}}

@ARTICLE{bannister17,
       author = {{Bannister}, Michele T. and {Shankman}, Cory and {Volk}, Kathryn and
        {Chen}, Ying-Tung and {Kaib}, Nathan and {Gladman}, Brett J. and
        {Jakubik}, Marian and {Kavelaars}, J.~J. and {Fraser}, Wesley C.
        and {Schwamb}, Megan E. and {Petit}, Jean-Marc and {Wang},
        Shiang-Yu and {Gwyn}, Stephen D.~J. and {Alexandersen}, Mike and
        {Pike}, Rosemary E.},
        title = "{OSSOS. V. Diffusion in the Orbit of a High-perihelion Distant Solar
        System Object}",
      journal = {\aj},
     keywords = {Oort Cloud, Kuiper belt objects: individual: 2013 SY99, Astrophysics -
        Earth and Planetary Astrophysics},
         year = 2017,
        month = Jun,
       volume = {153},
          eid = {262},
        pages = {262},
          doi = {10.3847/1538-3881/aa6db5},
 primaryClass = {astro-ph.EP},
       adsurl = {https://ui.adsabs.harvard.edu/#abs/2017AJ....153..262B},
      adsnote = {Provided by the SAO/NASA Astrophysics Data System}
}



@article{alexandersen16,
	Adsnote = {Provided by the SAO/NASA Astrophysics Data System},
	Adsurl = {http://adsabs.harvard.edu/abs/2016AJ....152..111A},
	Author = {{Alexandersen}, M. and {Gladman}, B. and {Kavelaars}, J.~J. and {Petit}, J.-M. and {Gwyn}, S.~D.~J. and {Shankman}, C.~J. and {Pike}, R.~E.},
	Date-Added = {2017-04-18 21:38:56 +0000},
	Date-Modified = {2017-04-18 21:39:07 +0000},
	Doi = {10.3847/0004-6256/152/5/111},
	Eid = {111},
	Journal = {\aj},
	Keywords = {astrometry, Kuiper belt: general, methods: data analysis, methods: observational, planets and satellites: detection, surveys},
	Month = nov,
	Pages = {111},
	Title = {{A Carefully Characterized and Tracked Trans-Neptunian Survey: The Size distribution of the Plutinos and the Number of Neptunian Trojans}},
	Volume = 152,
	Year = 2016,
	Bdsk-Url-1 = {http://dx.doi.org/10.3847/0004-6256/152/5/111}}

@article{bernstein00,
	Adsnote = {Provided by the SAO/NASA Astrophysics Data System},
	Adsurl = {http://adsabs.harvard.edu/abs/2000AJ....120.3323B},
	Author = {{Bernstein}, G. and {Khushalani}, B.},
	Date-Added = {2017-04-06 21:47:57 +0000},
	Date-Modified = {2017-04-06 21:48:15 +0000},
	Doi = {10.1086/316868},
	Eprint = {astro-ph/0008348},
	Journal = {\aj},
	Keywords = {Celestial Mechanics, Stellar Dynamics, Kuiper Belt, Oort Cloud},
	Month = dec,
	Pages = {3323-3332},
	Title = {{Orbit Fitting and Uncertainties for Kuiper Belt Objects}},
	Volume = 120,
	Year = 2000,
	Bdsk-Url-1 = {http://dx.doi.org/10.1086/316868}}

@article{nesvorny15,
	Adsnote = {Provided by the SAO/NASA Astrophysics Data System},
	Adsurl = {http://adsabs.harvard.edu/abs/2015AJ....150...73N},
	Archiveprefix = {arXiv},
	Author = {{Nesvorn{\'y}}, D.},
	Date-Added = {2017-03-24 21:12:16 +0000},
	Date-Modified = {2017-03-24 21:12:24 +0000},
	Doi = {10.1088/0004-6256/150/3/73},
	Eid = {73},
	Eprint = {1504.06021},
	Journal = {\aj},
	Keywords = {Kuiper belt: general, planets and satellites: dynamical evolution and stability},
	Month = sep,
	Pages = {73},
	Primaryclass = {astro-ph.EP},
	Title = {{Evidence for Slow Migration of Neptune from the Inclination Distribution of Kuiper Belt Objects}},
	Volume = 150,
	Year = 2015,
	Bdsk-Url-1 = {http://dx.doi.org/10.1088/0004-6256/150/3/73}}

@article{pike17,
	Adsnote = {Provided by the SAO/NASA Astrophysics Data System},
	Adsurl = {http://adsabs.harvard.edu/abs/2017AJ....153..127P},
	Archiveprefix = {arXiv},
	Author = {{Pike}, R.~E. and {Lawler}, S. and {Brasser}, R. and {Shankman}, C.~J. and {Alexandersen}, M. and {Kavelaars}, J.~J.},
	Date-Added = {2017-03-23 22:56:54 +0000},
	Date-Modified = {2017-03-23 22:57:02 +0000},
	Doi = {10.3847/1538-3881/aa5be9},
	Eid = {127},
	Eprint = {1701.07041},
	Journal = {\aj},
	Keywords = {Kuiper belt: general, planets and satellites: dynamical evolution and stability},
	Month = mar,
	Pages = {127},
	Primaryclass = {astro-ph.EP},
	Title = {{The Structure of the Distant Kuiper Belt in a Nice Model Scenario}},
	Volume = 153,
	Year = 2017,
	Bdsk-Url-1 = {http://dx.doi.org/10.3847/1538-3881/aa5be9}}

@article{shankman17,
	Adsnote = {Provided by the SAO/NASA Astrophysics Data System},
	Adsurl = {http://adsabs.harvard.edu/abs/2017AJ....153...63S},
	Archiveprefix = {arXiv},
	Author = {{Shankman}, C. and {Kavelaars}, J.~J. and {Lawler}, S.~M. and {Gladman}, B.~J. and {Bannister}, M.~T.},
	Date-Added = {2017-02-21 19:52:00 +0000},
	Date-Modified = {2017-02-21 19:52:23 +0000},
	Doi = {10.3847/1538-3881/153/2/63},
	Eid = {63},
	Eprint = {1610.04251},
	Journal = {\aj},
	Keywords = {Kuiper belt: general, planet{\ndash}disk interactions},
	Month = feb,
	Pages = {63},
	Primaryclass = {astro-ph.EP},
	Title = {{Consequences of a Distant Massive Planet on the Large Semimajor Axis Trans-Neptunian Objects}},
	Volume = 153,
	Year = 2017,
	Bdsk-Url-1 = {http://dx.doi.org/10.3847/1538-3881/153/2/63}}

@article{verasevans13,
	Adsnote = {Provided by the SAO/NASA Astrophysics Data System},
	Adsurl = {http://adsabs.harvard.edu/abs/2013CeMDA.115..123V},
	Archiveprefix = {arXiv},
	Author = {{Veras}, D. and {Evans}, N.~W.},
	Date-Added = {2016-11-25 23:29:53 +0000},
	Date-Modified = {2016-11-25 23:30:01 +0000},
	Doi = {10.1007/s10569-012-9455-6},
	Eprint = {1210.6658},
	Journal = {Celestial Mechanics and Dynamical Astronomy},
	Keywords = {Perturbation methods, Computer methods, Planetary systems, Comets and meteors, Adiabatic approximation, Galactic tides},
	Month = feb,
	Pages = {123-141},
	Primaryclass = {astro-ph.EP},
	Title = {{Planetary orbital equations in externally-perturbed systems: position and velocity-dependent forces}},
	Volume = 115,
	Year = 2013,
	Bdsk-Url-1 = {http://dx.doi.org/10.1007/s10569-012-9455-6}}

@article{veras16,
	Adsnote = {Provided by the SAO/NASA Astrophysics Data System},
	Adsurl = {http://adsabs.harvard.edu/abs/2016MNRAS.463.2958V},
	Archiveprefix = {arXiv},
	Author = {{Veras}, D.},
	Date-Added = {2016-11-25 22:52:38 +0000},
	Date-Modified = {2016-11-25 23:03:55 +0000},
	Doi = {10.1093/mnras/stw2170},
	Eprint = {1608.07580},
	Journal = {\mnras},
	Keywords = {methods: numerical, celestial mechanics, Sun: evolution, planets and satellites: dynamical evolution and stability, stars: AGB and post-AGB, white dwarfs},
	Month = dec,
	Pages = {2958-2971},
	Primaryclass = {astro-ph.EP},
	Title = {{The fates of Solar system analogues with one additional distant planet}},
	Volume = 463,
	Year = 2016,
	Bdsk-Url-1 = {http://dx.doi.org/10.1093/mnras/stw2170}}

@article{baileyetal16,
	Adsnote = {Provided by the SAO/NASA Astrophysics Data System},
	Adsurl = {http://adsabs.harvard.edu/abs/2016AJ....152..126B},
	Archiveprefix = {arXiv},
	Author = {{Bailey}, E. and {Batygin}, K. and {Brown}, M.~E.},
	Date-Added = {2016-11-25 22:52:38 +0000},
	Date-Modified = {2016-11-25 23:00:56 +0000},
	Doi = {10.3847/0004-6256/152/5/126},
	Eid = {126},
	Eprint = {1607.03963},
	Journal = {\aj},
	Keywords = {planets and satellites: dynamical evolution and stability},
	Month = nov,
	Pages = {126},
	Primaryclass = {astro-ph.EP},
	Title = {{Solar Obliquity Induced by Planet Nine}},
	Volume = 152,
	Year = 2016,
	Bdsk-Url-1 = {http://dx.doi.org/10.3847/0004-6256/152/5/126}}

@article{dlfmdlfm16c,
	Adsnote = {Provided by the SAO/NASA Astrophysics Data System},
	Adsurl = {http://adsabs.harvard.edu/abs/2016MNRAS.462.1972D},
	Archiveprefix = {arXiv},
	Author = {{de la Fuente Marcos}, C. and {de la Fuente Marcos}, R.},
	Date-Added = {2016-11-25 22:52:38 +0000},
	Date-Modified = {2016-11-25 22:56:04 +0000},
	Doi = {10.1093/mnras/stw1778},
	Eprint = {1607.05633},
	Journal = {\mnras},
	Keywords = {methods: statistical, celestial mechanics, minor planets, asteroids: general, Oort Cloud, planets and satellites: detection, planets and satellites: general},
	Month = oct,
	Pages = {1972-1977},
	Primaryclass = {astro-ph.EP},
	Title = {{Finding Planet Nine: apsidal anti-alignment Monte Carlo results}},
	Volume = 462,
	Year = 2016,
	Bdsk-Url-1 = {http://dx.doi.org/10.1093/mnras/stw1778}}

@ARTICLE{batyginbrown16b,
       author = {{Batygin}, Konstantin and {Brown}, Michael E.},
        title = "{Generation of Highly Inclined Trans-Neptunian Objects by Planet Nine}",
      journal = {\apj},
     keywords = {Kuiper Belt: general, Astrophysics - Earth and Planetary Astrophysics},
         year = 2016,
        month = Dec,
       volume = {833},
          eid = {L3},
        pages = {L3},
          doi = {10.3847/2041-8205/833/1/L3},
 primaryClass = {astro-ph.EP},
       adsurl = {https://ui.adsabs.harvard.edu/#abs/2016ApJ...833L...3B},
      adsnote = {Provided by the SAO/NASA Astrophysics Data System}
}

@article{holmanpayne16,
	Adsnote = {Provided by the SAO/NASA Astrophysics Data System},
	Adsurl = {http://adsabs.harvard.edu/abs/2016AJ....152...94H},
	Archiveprefix = {arXiv},
	Author = {{Holman}, M.~J. and {Payne}, M.~J.},
	Date-Added = {2016-11-25 22:52:38 +0000},
	Date-Modified = {2016-11-25 22:58:49 +0000},
	Doi = {10.3847/0004-6256/152/4/94},
	Eid = {94},
	Eprint = {1604.03180},
	Journal = {\aj},
	Keywords = {celestial mechanics, ephemerides, methods: data analysis, planets and satellites: individual: Saturn, space vehicles},
	Month = oct,
	Pages = {94},
	Primaryclass = {astro-ph.EP},
	Title = {{Observational Constraints on Planet Nine: Cassini Range Observations}},
	Volume = 152,
	Year = 2016,
	Bdsk-Url-1 = {http://dx.doi.org/10.3847/0004-6256/152/4/94}}

@article{holmanpayne16b,
	Adsnote = {Provided by the SAO/NASA Astrophysics Data System},
	Adsurl = {http://adsabs.harvard.edu/abs/2016AJ....152...80H},
	Archiveprefix = {arXiv},
	Author = {{Holman}, M.~J. and {Payne}, M.~J.},
	Date-Added = {2016-11-25 22:52:38 +0000},
	Date-Modified = {2016-11-25 22:58:27 +0000},
	Doi = {10.3847/0004-6256/152/4/80},
	Eid = {80},
	Eprint = {1603.09008},
	Journal = {\aj},
	Keywords = {astrometry, ephemerides, Kuiper Belt: general, Kuiper Belt objects: individual: Pluto},
	Month = oct,
	Pages = {80},
	Primaryclass = {astro-ph.EP},
	Title = {{Observational Constraints on Planet Nine: Astrometry of Pluto and Other Trans-Neptunian Objects}},
	Volume = 152,
	Year = 2016,
	Bdsk-Url-1 = {http://dx.doi.org/10.3847/0004-6256/152/4/80}}

@article{bromleykenyon16,
	Adsnote = {Provided by the SAO/NASA Astrophysics Data System},
	Adsurl = {http://adsabs.harvard.edu/abs/2016ApJ...826...64B},
	Archiveprefix = {arXiv},
	Author = {{Bromley}, B.~C. and {Kenyon}, S.~J.},
	Date-Added = {2016-11-25 22:52:38 +0000},
	Date-Modified = {2016-11-25 22:56:49 +0000},
	Doi = {10.3847/0004-637X/826/1/64},
	Eid = {64},
	Eprint = {1603.08010},
	Journal = {\apj},
	Keywords = {planetary systems, planets and satellites: formation, planet{\ndash}disk interactions, planets and satellites: dynamical evolution and stability, Kuiper Belt: general},
	Month = jul,
	Pages = {64},
	Primaryclass = {astro-ph.EP},
	Title = {{Making Planet Nine: A Scattered Giant in the Outer Solar System}},
	Volume = 826,
	Year = 2016,
	Bdsk-Url-1 = {http://dx.doi.org/10.3847/0004-637X/826/1/64}}

@article{kenyonbromley16,
	Adsnote = {Provided by the SAO/NASA Astrophysics Data System},
	Adsurl = {http://adsabs.harvard.edu/abs/2016ApJ...825...33K},
	Archiveprefix = {arXiv},
	Author = {{Kenyon}, S.~J. and {Bromley}, B.~C.},
	Date-Added = {2016-11-25 22:52:38 +0000},
	Date-Modified = {2016-11-25 22:57:40 +0000},
	Doi = {10.3847/0004-637X/825/1/33},
	Eid = {33},
	Eprint = {1603.08008},
	Journal = {\apj},
	Keywords = {planetary systems, planets and satellites: formation, planets and satellites: individual: Planet Nine, planets and satellites: physical evolution},
	Month = jul,
	Pages = {33},
	Primaryclass = {astro-ph.EP},
	Title = {{Making Planet Nine: Pebble Accretion at 250-750 AU in a Gravitationally Unstable Ring}},
	Volume = 825,
	Year = 2016,
	Bdsk-Url-1 = {http://dx.doi.org/10.3847/0004-637X/825/1/33}}

@ARTICLE{lawler2017,
       author = {{Lawler}, S.~M. and {Shankman}, C. and {Kaib}, N. and {Bannister}, M.~T.
        and {Gladman}, B. and {Kavelaars}, J.~J.},
        title = "{Observational Signatures of a Massive Distant Planet on the Scattering
        Disk}",
      journal = {\aj},
     keywords = {celestial mechanics, Kuiper belt: general, Astrophysics - Earth and
        Planetary Astrophysics},
         year = 2017,
        month = Jan,
       volume = {153},
          eid = {33},
        pages = {33},
          doi = {10.3847/1538-3881/153/1/33},
 primaryClass = {astro-ph.EP},
       adsurl = {https://ui.adsabs.harvard.edu/#abs/2017AJ....153...33L},
      adsnote = {Provided by the SAO/NASA Astrophysics Data System}
}



@article{ginzburgetal16,
	Adsnote = {Provided by the SAO/NASA Astrophysics Data System},
	Adsurl = {http://adsabs.harvard.edu/abs/2016ApJ...822L..11G},
	Archiveprefix = {arXiv},
	Author = {{Ginzburg}, S. and {Sari}, R. and {Loeb}, A.},
	Date-Added = {2016-11-25 22:52:38 +0000},
	Date-Modified = {2016-11-25 23:02:49 +0000},
	Doi = {10.3847/2041-8205/822/1/L11},
	Eid = {L11},
	Eprint = {1603.02876},
	Journal = {\apjl},
	Keywords = {planets and satellites: composition, planets and satellites: physical evolution},
	Month = may,
	Pages = {L11},
	Primaryclass = {astro-ph.EP},
	Title = {{Blackbody Radiation from Isolated Neptunes}},
	Volume = 822,
	Year = 2016,
	Bdsk-Url-1 = {http://dx.doi.org/10.3847/2041-8205/822/1/L11}}

@article{iorio15,
	Adsnote = {Provided by the SAO/NASA Astrophysics Data System},
	Adsurl = {http://adsabs.harvard.edu/abs/2015arXiv151205288I},
	Archiveprefix = {arXiv},
	Author = {{Iorio}, L.},
	Date-Added = {2016-11-25 22:52:38 +0000},
	Date-Modified = {2016-11-25 23:02:06 +0000},
	Eprint = {1512.05288},
	Journal = {ArXiv e-prints},
	Keywords = {General Relativity and Quantum Cosmology, Astrophysics - Earth and Planetary Astrophysics, Physics - Popular Physics, Physics - Space Physics},
	Month = dec,
	Primaryclass = {gr-qc},
	Title = {{Preliminary constraints on the location of Telisto/Planet Nine from planetary orbital dynamics}},
	Year = 2015}

@article{leverrier1859,
	Adsnote = {Provided by the SAO/NASA Astrophysics Data System},
	Adsurl = {http://adsabs.harvard.edu/abs/1859AnPar...5....1L},
	Author = {{Le Verrier}, U.~J.},
	Date-Added = {2016-10-07 18:25:33 +0000},
	Date-Modified = {2016-10-07 18:25:44 +0000},
	Journal = {Annales de l'Observatoire de Paris},
	Keywords = {PLANETARY THEORY, MERCURY (PLANET): TRANSIT OF, PERTURBATION (ASTRONOMY), MERCURY (PLANET)},
	Title = {{Theorie du mouvement de Mercure}},
	Volume = 5,
	Year = 1859}

@article{einstein1916,
	Adsnote = {Provided by the SAO/NASA Astrophysics Data System},
	Adsurl = {http://adsabs.harvard.edu/abs/1916AnP...354..769E},
	Author = {{Einstein}, A.},
	Date-Added = {2016-10-07 18:14:29 +0000},
	Date-Modified = {2016-10-07 18:25:31 +0000},
	Doi = {10.1002/andp.19163540702},
	Journal = {Annalen der Physik},
	Pages = {769-822},
	Title = {{Die Grundlage der allgemeinen Relativit{\"a}tstheorie}},
	Volume = 354,
	Year = 1916,
	Bdsk-Url-1 = {http://dx.doi.org/10.1002/andp.19163540702}}

@article{wyatt99,
	Adsnote = {Provided by the SAO/NASA Astrophysics Data System},
	Adsurl = {http://adsabs.harvard.edu/abs/1999ApJ...527..918W},
	Author = {{Wyatt}, M.~C. and {Dermott}, S.~F. and {Telesco}, C.~M. and {Fisher}, R.~S. and {Grogan}, K. and {Holmes}, E.~K. and {Pi{\~n}a}, R.~K.},
	Date-Added = {2016-10-03 21:28:20 +0000},
	Date-Modified = {2016-10-03 21:28:29 +0000},
	Doi = {10.1086/308093},
	Eprint = {astro-ph/9908267},
	Journal = {\apj},
	Keywords = {ACCRETION, ACCRETION DISKS, STARS: BINARIES: VISUAL, CELESTIAL MECHANICS, STELLAR DYNAMICS, STARS: CIRCUMSTELLAR MATTER, STARS: PLANETARY SYSTEMS, STARS: IMAGING, STARS: INDIVIDUAL (HR 4796), Accretion, Accretion Disks, Stars: Binaries: Visual, Celestial Mechanics, Stellar Dynamics, Stars: Circumstellar Matter, Stars: Planetary Systems, Stars: Imaging, stars: individual (HR 4796)},
	Month = dec,
	Pages = {918-944},
	Title = {{How Observations of Circumstellar Disk Asymmetries Can Reveal Hidden Planets: Pericenter Glow and Its Application to the HR 4796 Disk}},
	Volume = 527,
	Year = 1999,
	Bdsk-Url-1 = {http://dx.doi.org/10.1086/308093}}

@article{gomes06,
	Adsnote = {Provided by the SAO/NASA Astrophysics Data System},
	Adsurl = {http://adsabs.harvard.edu/abs/2006Icar..184..589G},
	Author = {{Gomes}, R.~S. and {Matese}, J.~J. and {Lissauer}, J.~J.},
	Date-Added = {2016-09-29 20:41:03 +0000},
	Date-Modified = {2016-09-29 20:41:08 +0000},
	Doi = {10.1016/j.icarus.2006.05.026},
	Journal = {\icarus},
	Month = oct,
	Pages = {589-601},
	Title = {{A distant planetary-mass solar companion may have produced distant detached objects}},
	Volume = 184,
	Year = 2006,
	Bdsk-Url-1 = {http://dx.doi.org/10.1016/j.icarus.2006.05.026}}

@article{gomes05,
	Adsnote = {Provided by the SAO/NASA Astrophysics Data System},
	Adsurl = {http://adsabs.harvard.edu/abs/2005CeMDA..91..109G},
	Author = {{Gomes}, R.~S. and {Gallardo}, T. and {Fern{\'a}ndez}, J.~A. and {Brunini}, A.},
	Date-Added = {2016-09-29 18:59:02 +0000},
	Date-Modified = {2016-09-29 19:02:23 +0000},
	Doi = {10.1007/s10569-004-4623-y},
	Journal = {Celestial Mechanics and Dynamical Astronomy},
	Keywords = {Edgeworth-Kuiper belt, scattered disk, Kozai, comets: dynamics},
	Month = jan,
	Pages = {109-129},
	Title = {{On The Origin of The High-Perihelion Scattered Disk: The Role of The Kozai Mechanism And Mean Motion Resonances}},
	Volume = 91,
	Year = 2005,
	Bdsk-Url-1 = {http://dx.doi.org/10.1007/s10569-004-4623-y}}

@article{luhman14,
	Adsnote = {Provided by the SAO/NASA Astrophysics Data System},
	Adsurl = {http://adsabs.harvard.edu/abs/2014ApJ...781....4L},
	Author = {{Luhman}, K.~L.},
	Date-Added = {2016-09-22 17:30:08 +0000},
	Date-Modified = {2016-09-22 17:30:15 +0000},
	Doi = {10.1088/0004-637X/781/1/4},
	Eid = {4},
	Journal = {\apj},
	Keywords = {brown dwarfs, infrared: planetary systems, planets and satellites: detection, proper motions, solar neighborhood},
	Month = jan,
	Pages = {4},
	Title = {{A Search for a Distant Companion to the Sun with the Wide-field Infrared Survey Explorer}},
	Volume = 781,
	Year = 2014,
	Bdsk-Url-1 = {http://dx.doi.org/10.1088/0004-637X/781/1/4}}

@article{soaresgomes13,
	Adsnote = {Provided by the SAO/NASA Astrophysics Data System},
	Adsurl = {http://adsabs.harvard.edu/abs/2013A%26A...553A.110S},
	Author = {{Soares}, J.~S. and {Gomes}, R.~S.},
	Date-Added = {2016-09-22 17:26:23 +0000},
	Date-Modified = {2016-09-22 17:26:37 +0000},
	Doi = {10.1051/0004-6361/201219840},
	Eid = {A110},
	Journal = {\aap},
	Keywords = {comets: general, Oort Cloud, minor planets, asteroids: general},
	Month = may,
	Pages = {A110},
	Title = {{Comparison of forming mechanisms for Sedna-type objects through an observational simulator}},
	Volume = 553,
	Year = 2013,
	Bdsk-Url-1 = {http://dx.doi.org/10.1051/0004-6361/201219840}}

@article{chen16,
	Adsnote = {Provided by the SAO/NASA Astrophysics Data System},
	Adsurl = {http://adsabs.harvard.edu/abs/2016ApJ...827L..24C},
	Archiveprefix = {arXiv},
	Author = {{Chen}, Y.-T. and {Lin}, H.~W. and {Holman}, M.~J. and {Payne}, M.~J. and {Fraser}, W.~C. and {Lacerda}, P. and {Ip}, W.-H. and {Chen}, W.-P. and {Kudritzki}, R.-P. and {Jedicke}, R. and {Wainscoat}, R.~J. and {Tonry}, J.~L. and {Magnier}, E.~A. and {Waters}, C. and {Kaiser}, N. and {Wang}, S.-Y. and {Lehner}, M.},
	Date-Added = {2016-09-22 17:22:13 +0000},
	Date-Modified = {2016-09-22 17:22:18 +0000},
	Doi = {10.3847/2041-8205/827/2/L24},
	Eid = {L24},
	Eprint = {1608.01808},
	Journal = {\apjl},
	Keywords = {Kuiper belt: general, Oort Cloud, surveys},
	Month = aug,
	Pages = {L24},
	Primaryclass = {astro-ph.EP},
	Title = {{Discovery of a New Retrograde Trans-Neptunian Object: Hint of a Common Orbital Plane for Low Semimajor Axis, High-inclination TNOs and Centaurs}},
	Volume = 827,
	Year = 2016,
	Bdsk-Url-1 = {http://dx.doi.org/10.3847/2041-8205/827/2/L24}}

@article{chen13,
	Adsnote = {Provided by the SAO/NASA Astrophysics Data System},
	Adsurl = {http://adsabs.harvard.edu/abs/2013ApJ...775L...8C},
	Archiveprefix = {arXiv},
	Author = {{Chen}, Y.-T. and {Kavelaars}, J.~J. and {Gwyn}, S. and {Ferrarese}, L. and {C{\^o}t{\'e}}, P. and {Jord{\'a}n}, A. and {Suc}, V. and {Cuillandre}, J.-C. and {Ip}, W.-H.},
	Date-Added = {2016-09-22 17:08:22 +0000},
	Date-Modified = {2016-09-22 17:08:28 +0000},
	Doi = {10.1088/2041-8205/775/1/L8},
	Eid = {L8},
	Eprint = {1308.6041},
	Journal = {\apjl},
	Keywords = {Kuiper belt: general, Oort Cloud},
	Month = sep,
	Pages = {L8},
	Primaryclass = {astro-ph.EP},
	Title = {{Discovery of a New Member of the Inner Oort Cloud from the Next Generation Virgo Cluster Survey}},
	Volume = 775,
	Year = 2013,
	Bdsk-Url-1 = {http://dx.doi.org/10.1088/2041-8205/775/1/L8}}

@article{becker08,
	Adsnote = {Provided by the SAO/NASA Astrophysics Data System},
	Adsurl = {http://adsabs.harvard.edu/abs/2008MNRAS.386..416B},
	Archiveprefix = {arXiv},
	Author = {{Becker}, A.~C. and {Agol}, E. and {Silvestri}, N.~M. and {Bochanski}, J.~J. and {Laws}, C. and {West}, A.~A. and {Basri}, G. and {Belokurov}, V. and {Bramich}, D.~M. and {Carpenter}, J.~M. and {Challis}, P. and {Covey}, K.~R. and {Cutri}, R.~M. and {Evans}, N.~W. and {Fellhauer}, M. and {Garg}, A. and {Gilmore}, G. and {Hewett}, P. and {Plavchan}, P. and {Schneider}, D.~P. and {Slesnick}, C.~L. and {Vidrih}, S. and {Walkowicz}, L.~M. and {Zucker}, D.~B.},
	Date-Added = {2016-09-22 17:04:58 +0000},
	Date-Modified = {2016-09-22 17:05:05 +0000},
	Doi = {10.1111/j.1365-2966.2008.13040.x},
	Eprint = {0801.4474},
	Journal = {\mnras},
	Keywords = {binaries: eclipsing , stars: individual: 2MASS J01542930+0053266 , stars: low-mass, brown dwarfs},
	Month = may,
	Pages = {416-424},
	Title = {{Two-Micron All-Sky Survey J01542930+0053266: a new eclipsing M dwarf binary system}},
	Volume = 386,
	Year = 2008,
	Bdsk-Url-1 = {http://dx.doi.org/10.1111/j.1365-2966.2008.13040.x}}

@article{morbidellilevison04,
	Adsnote = {Provided by the SAO/NASA Astrophysics Data System},
	Adsurl = {http://adsabs.harvard.edu/abs/2004AJ....128.2564M},
	Author = {{Morbidelli}, A. and {Levison}, H.~F.},
	Date-Added = {2016-09-22 16:59:54 +0000},
	Date-Modified = {2016-09-22 17:00:07 +0000},
	Doi = {10.1086/424617},
	Eprint = {astro-ph/0403358},
	Journal = {\aj},
	Keywords = {Celestial Mechanics, Kuiper Belt, Minor Planets, Asteroids, Planets and Satellites: Formation, Solar System: Formation},
	Month = nov,
	Pages = {2564-2576},
	Title = {{Scenarios for the Origin of the Orbits of the Trans-Neptunian Objects 2000 CR$_{105}$ and 2003 VB$_{12}$ (Sedna)}},
	Volume = 128,
	Year = 2004,
	Bdsk-Url-1 = {http://dx.doi.org/10.1086/424617}}

@article{philippov16,
	Adsnote = {Provided by the SAO/NASA Astrophysics Data System},
	Adsurl = {http://adsabs.harvard.edu/abs/2016PASA...33...33P},
	Author = {{Philippov}, J.~P. and {Chobanu}, M.~I.},
	Date-Added = {2016-09-13 18:27:04 +0000},
	Date-Modified = {2016-09-13 18:28:06 +0000},
	Doi = {10.1017/pasa.2016.28},
	Eid = {e033},
	Journal = {\pasa},
	Keywords = {planets and satellites: detection, planets and satellites: general, planets and satellites: Oort Cloud, stars: brown dwarfs, gravitational lensing: strong, gravitational lensing: scattering},
	Month = aug,
	Pages = {e033},
	Title = {{Nemesis, Tyche, Planet Nine Hypotheses. I. Can We Detect the Bodies Using Gravitational Lensing?}},
	Volume = 33,
	Year = 2016,
	Bdsk-Url-1 = {http://dx.doi.org/10.1017/pasa.2016.28}}

@article{lai16,
	Adsnote = {Provided by the SAO/NASA Astrophysics Data System},
	Adsurl = {http://adsabs.harvard.edu/abs/2016arXiv160801421L},
	Archiveprefix = {arXiv},
	Author = {{Lai}, D.},
	Date-Added = {2016-09-13 18:27:04 +0000},
	Date-Modified = {2016-09-13 18:28:25 +0000},
	Eprint = {1608.01421},
	Journal = {ArXiv e-prints},
	Keywords = {Astrophysics - Earth and Planetary Astrophysics},
	Month = aug,
	Primaryclass = {astro-ph.EP},
	Title = {{Solar Obliquity Induced by Planet Nine: Simple Calculation}},
	Year = 2016}

@article{toth16,
	Adsnote = {Provided by the SAO/NASA Astrophysics Data System},
	Adsurl = {http://adsabs.harvard.edu/abs/2016A%26A...592A..86T},
	Author = {{Toth}, I.},
	Date-Added = {2016-09-13 18:27:04 +0000},
	Date-Modified = {2016-09-13 18:28:07 +0000},
	Doi = {10.1051/0004-6361/201628444},
	Eid = {A86},
	Journal = {\aap},
	Keywords = {Kuiper belt: general, planets and satellites: general, planets and satellites: fundamental parameters, planets and satellites: detection, planets and satellites: interiors, planets and satellites: individual: Planet Nine},
	Month = aug,
	Pages = {A86},
	Title = {{Some physical properties predicted for the putative Planet Nine of the solar system}},
	Volume = 592,
	Year = 2016,
	Bdsk-Url-1 = {http://dx.doi.org/10.1051/0004-6361/201628444}}

@article{bannister16,
	Adsnote = {Provided by the SAO/NASA Astrophysics Data System},
	Adsurl = {http://adsabs.harvard.edu/abs/2016AJ....152...70B},
	Archiveprefix = {arXiv},
	Author = {{Bannister}, M.~T. and {Kavelaars}, J.~J. and {Petit}, J.-M. and {Gladman}, B.~J. and {Gwyn}, S.~D.~J. and {Chen}, Y.-T. and {Volk}, K. and {Alexandersen}, M. and {Benecchi}, S.~D. and {Delsanti}, A. and {Fraser}, W.~C. and {Granvik}, M. and {Grundy}, W.~M. and {Guilbert-Lepoutre}, A. and {Hestroffer}, D. and {Ip}, W.-H. and {Jakubik}, M. and {Jones}, R.~L. and {Kaib}, N. and {Kavelaars}, C.~F. and {Lacerda}, P. and {Lawler}, S. and {Lehner}, M.~J. and {Lin}, H.~W. and {Lister}, T. and {Lykawka}, P.~S. and {Monty}, S. and {Marsset}, M. and {Murray-Clay}, R. and {Noll}, K.~S. and {Parker}, A. and {Pike}, R.~E. and {Rousselot}, P. and {Rusk}, D. and {Schwamb}, M.~E. and {Shankman}, C. and {Sicardy}, B. and {Vernazza}, P. and {Wang}, S.-Y.},
	Date-Added = {2016-09-12 23:56:51 +0000},
	Date-Modified = {2016-09-12 23:57:09 +0000},
	Doi = {10.3847/0004-6256/152/3/70},
	Eid = {70},
	Eprint = {1511.02895},
	Journal = {\aj},
	Keywords = {Kuiper Belt: general, surveys},
	Month = sep,
	Pages = {70},
	Primaryclass = {astro-ph.EP},
	Title = {{The Outer Solar System Origins Survey. I. Design and First-quarter Discoveries}},
	Volume = 152,
	Year = 2016,
	Bdsk-Url-1 = {http://dx.doi.org/10.3847/0004-6256/152/3/70}}

@ARTICLE{petit17,
       author = {{Petit}, J. -M. and {Kavelaars}, J.~J. and {Gladman}, B.~J. and {Jones},
        R.~L. and {Parker}, J. Wm. and {Bieryla}, A. and {Van
        Laerhoven}, C. and {Pike}, R.~E. and {Nicholson}, P. and
        {Ashby}, M.~L.~N. and {Lawler}, S.~M.},
        title = "{The Canada-France Ecliptic Plane Survey (CFEPS){\textemdash}High-
        latitude Component}",
      journal = {\aj},
     keywords = {Kuiper belt: general, surveys, Astrophysics - Earth and Planetary
        Astrophysics},
         year = 2017,
        month = May,
       volume = {153},
          eid = {236},
        pages = {236},
          doi = {10.3847/1538-3881/aa6aa5},
 primaryClass = {astro-ph.EP},
       adsurl = {https://ui.adsabs.harvard.edu/#abs/2017AJ....153..236P},
      adsnote = {Provided by the SAO/NASA Astrophysics Data System}
}

@article{sheppardtrujillo16,
   author = {{Sheppard}, S.~S. and {Trujillo}, C.},
    title = "{New Extreme Trans-Neptunian Objects: Toward a Super-Earth in the Outer Solar System}",
  journal = {\aj},
archivePrefix = "arXiv",
   eprint = {1608.08772},
 primaryClass = "astro-ph.EP",
 keywords = {comets: general, Kuiper belt: general, minor planets, asteroids: general, Oort Cloud, planets and satellites: individual: Sedna, 2012 VP113},
     year = 2016,
    month = dec,
   volume = 152,
      eid = {221},
    pages = {221},
      doi = {10.3847/1538-3881/152/6/221},
}

@inproceedings{kalas14,
	Adsnote = {Provided by the SAO/NASA Astrophysics Data System},
	Adsurl = {http://adsabs.harvard.edu/abs/2014IAUS..299..204K},
	Author = {{Kalas}, P. and {Graham}, J.~R. and {Fitzgerald}, M.~P. and {Clampin}, M.},
	Booktitle = {Exploring the Formation and Evolution of Planetary Systems},
	Date-Added = {2016-09-12 18:08:03 +0000},
	Date-Modified = {2016-09-12 18:08:15 +0000},
	Doi = {10.1017/S1743921313008338},
	Editor = {{Booth}, M. and {Matthews}, B.~C. and {Graham}, J.~R.},
	Keywords = {planets {\amp} satellites: individual: Fomalhaut b ,},
	Month = jan,
	Pages = {204-207},
	Series = {IAU Symposium},
	Title = {{HST/STIS imaging of Fomalhaut: New main belt structure and confirmation of Fomalhaut b's eccentric orbit}},
	Volume = 299,
	Year = 2014,
	Bdsk-Url-1 = {http://dx.doi.org/10.1017/S1743921313008338}}

@article{schwambetal09,
	Adsnote = {Provided by the SAO/NASA Astrophysics Data System},
	Adsurl = {http://adsabs.harvard.edu/abs/2009ApJ...694L..45S},
	Archiveprefix = {arXiv},
	Author = {{Schwamb}, M.~E. and {Brown}, M.~E. and {Rabinowitz}, D.~L.},
	Date-Added = {2016-08-24 21:40:03 +0000},
	Date-Modified = {2016-08-24 21:40:11 +0000},
	Doi = {10.1088/0004-637X/694/1/L45},
	Eprint = {0901.4173},
	Journal = {\apjl},
	Keywords = {Kuiper Belt, Oort Cloud, solar system: formation},
	Month = mar,
	Pages = {L45-L48},
	Primaryclass = {astro-ph.EP},
	Title = {{A Search for Distant Solar System Bodies in the Region of Sedna}},
	Volume = 694,
	Year = 2009,
	Bdsk-Url-1 = {http://dx.doi.org/10.1088/0004-637X/694/1/L45}}

@article{wangetal09,
	Adsnote = {Provided by the SAO/NASA Astrophysics Data System},
	Adsurl = {http://adsabs.harvard.edu/abs/2009AJ....138.1893W},
	Archiveprefix = {arXiv},
	Author = {{Wang}, J.-H. and {Lehner}, M.~J. and {Zhang}, Z.-W. and {Bianco}, F.~B. and {Alcock}, C. and {Chen}, W.-P. and {Axelrod}, T. and {Byun}, Y.-I. and {Coehlo}, N.~K. and {Cook}, K.~H. and {Dave}, R. and {de Pater}, I. and {Porrata}, R. and {Kim}, D.-W. and {King}, S.-K. and {Lee}, T. and {Lin}, H.-C. and {Lissauer}, J.~J. and {Marshall}, S.~L. and {Protopapas}, P. and {Rice}, J.~A. and {Schwamb}, M.~E. and {Wang}, S.-Y. and {Wen}, C.-Y.},
	Date-Added = {2016-08-24 21:39:46 +0000},
	Date-Modified = {2016-08-24 21:39:53 +0000},
	Doi = {10.1088/0004-6256/138/6/1893},
	Eprint = {0910.5282},
	Journal = {\aj},
	Keywords = {Kuiper Belt, occultations, solar system: formation},
	Month = dec,
	Pages = {1893-1901},
	Primaryclass = {astro-ph.EP},
	Title = {{Upper Limits on the Number of Small Bodies in Sedna-Like Orbits by the TAOS Project}},
	Volume = 138,
	Year = 2009,
	Bdsk-Url-1 = {http://dx.doi.org/10.1088/0004-6256/138/6/1893}}

@article{idaetal00,
	Adsnote = {Provided by the SAO/NASA Astrophysics Data System},
	Adsurl = {http://adsabs.harvard.edu/abs/2000ApJ...528..351I},
	Author = {{Ida}, S. and {Larwood}, J. and {Burkert}, A.},
	Date-Added = {2016-08-22 22:50:28 +0000},
	Date-Modified = {2016-08-22 22:50:39 +0000},
	Doi = {10.1086/308179},
	Eprint = {astro-ph/9907217},
	Journal = {\apj},
	Keywords = {CELESTIAL MECHANICS, STELLAR DYNAMICS, KUIPER BELT, OORT CLOUD, GALAXY: OPEN CLUSTERS AND ASSOCIATIONS: GENERAL, SOLAR SYSTEM: FORMATION, Celestial Mechanics, Stellar Dynamics, Kuiper Belt, Oort Cloud, Galaxy: Open Clusters and Associations: General, Solar System: Formation},
	Month = jan,
	Pages = {351-356},
	Title = {{Evidence for Early Stellar Encounters in the Orbital Distribution of Edgeworth-Kuiper Belt Objects}},
	Volume = 528,
	Year = 2000,
	Bdsk-Url-1 = {http://dx.doi.org/10.1086/308179}}

@article{thommesetal02,
	Adsnote = {Provided by the SAO/NASA Astrophysics Data System},
	Adsurl = {http://adsabs.harvard.edu/abs/2002AJ....123.2862T},
	Author = {{Thommes}, E.~W. and {Duncan}, M.~J. and {Levison}, H.~F.},
	Date-Added = {2016-08-22 22:47:35 +0000},
	Date-Modified = {2016-08-22 22:47:50 +0000},
	Doi = {10.1086/339975},
	Eprint = {astro-ph/0111290},
	Journal = {\aj},
	Keywords = {Celestial Mechanics, Kuiper Belt, planets and satellites: formation, Solar System: Formation},
	Month = may,
	Pages = {2862-2883},
	Title = {{The Formation of Uranus and Neptune among Jupiter and Saturn}},
	Volume = 123,
	Year = 2002,
	Bdsk-Url-1 = {http://dx.doi.org/10.1086/339975}}

@article{chambers99,
	Adsnote = {Provided by the SAO/NASA Astrophysics Data System},
	Adsurl = {http://adsabs.harvard.edu/abs/1999MNRAS.304..793C},
	Author = {{Chambers}, J.~E.},
	Date-Added = {2016-07-25 23:14:33 +0000},
	Date-Modified = {2016-07-25 23:14:40 +0000},
	Doi = {10.1046/j.1365-8711.1999.02379.x},
	Journal = {\mnras},
	Keywords = {ACCRETION, ACCRETION DISCS, METHODS: NUMERICAL, CELESTIAL MECHANICS, STELLAR DYNAMICS, SOLAR SYSTEM: GENERAL},
	Month = apr,
	Pages = {793-799},
	Title = {{A hybrid symplectic integrator that permits close encounters between massive bodies}},
	Volume = 304,
	Year = 1999,
	Bdsk-Url-1 = {http://dx.doi.org/10.1046/j.1365-8711.1999.02379.x}}

@article{sivarametal16,
	Adsnote = {Provided by the SAO/NASA Astrophysics Data System},
	Adsurl = {http://adsabs.harvard.edu/abs/2016Ap%26SS.361..230S},
	Author = {{Sivaram}, C. and {Kenath}, A. and {Kiren}, O.~V.},
	Date-Added = {2016-07-21 19:03:26 +0000},
	Date-Modified = {2016-07-25 23:21:36 +0000},
	Doi = {10.1007/s10509-016-2815-z},
	Eid = {#230},
	Journal = {\apss},
	Keywords = {Planet Nine, Dark matter, MOND},
	Month = jul,
	Pages = {230},
	Title = {{Planet Nine, dark matter and MOND}},
	Volume = 361,
	Year = 2016,
	Bdsk-Url-1 = {http://dx.doi.org/10.1007/s10509-016-2815-z}}

@article{fortneyetal16,
	Adsnote = {Provided by the SAO/NASA Astrophysics Data System},
	Adsurl = {http://adsabs.harvard.edu/abs/2016ApJ...824L..25F},
	Archiveprefix = {arXiv},
	Author = {{Fortney}, J.~J. and {Marley}, M.~S. and {Laughlin}, G. and {Nettelmann}, N. and {Morley}, C.~V. and {Lupu}, R.~E. and {Visscher}, C. and {Jeremic}, P. and {Khadder}, W.~G. and {Hargrave}, M.},
	Date-Added = {2016-07-21 19:03:26 +0000},
	Date-Modified = {2016-07-21 19:04:57 +0000},
	Doi = {10.3847/2041-8205/824/2/L25},
	Eid = {L25},
	Eprint = {1604.07424},
	Journal = {\apjl},
	Keywords = {Kuiper belt: general, planets and satellites: atmospheres, planets and satellites: detection, planets and satellites: physical evolution},
	Month = jun,
	Pages = {L25},
	Primaryclass = {astro-ph.EP},
	Title = {{The Hunt for Planet Nine: Atmosphere, Spectra, Evolution, and Detectability}},
	Volume = 824,
	Year = 2016,
	Bdsk-Url-1 = {http://dx.doi.org/10.3847/2041-8205/824/2/L25}}

@article{cowanetal16,
	Adsnote = {Provided by the SAO/NASA Astrophysics Data System},
	Adsurl = {http://adsabs.harvard.edu/abs/2016ApJ...822L...2C},
	Archiveprefix = {arXiv},
	Author = {{Cowan}, N.~B. and {Holder}, G. and {Kaib}, N.~A.},
	Date-Added = {2016-07-21 19:03:26 +0000},
	Date-Modified = {2016-07-21 19:05:20 +0000},
	Doi = {10.3847/2041-8205/822/1/L2},
	Eid = {L2},
	Eprint = {1602.05963},
	Journal = {\apjl},
	Keywords = {parallaxes, planets and satellites: detection, planets and satellites: individual: Planet Nine, Planet X, Bowie, planets and satellites: interiors, proper motions, radio continuum: planetary systems},
	Month = may,
	Pages = {L2},
	Primaryclass = {astro-ph.EP},
	Title = {{Cosmologists in Search of Planet Nine: The Case for CMB Experiments}},
	Volume = 822,
	Year = 2016,
	Bdsk-Url-1 = {http://dx.doi.org/10.3847/2041-8205/822/1/L2}}

@article{beust16,
	Adsnote = {Provided by the SAO/NASA Astrophysics Data System},
	Adsurl = {http://adsabs.harvard.edu/abs/2016A%26A...590L...2B},
	Archiveprefix = {arXiv},
	Author = {{Beust}, H.},
	Date-Added = {2016-07-21 19:03:26 +0000},
	Date-Modified = {2016-07-21 19:05:41 +0000},
	Doi = {10.1051/0004-6361/201628638},
	Eid = {L2},
	Eprint = {1605.02473},
	Journal = {\aap},
	Keywords = {celestial mechanics, Kuiper belt: general, planets and satellites: dynamical evolution and stability},
	Month = may,
	Pages = {L2},
	Primaryclass = {astro-ph.EP},
	Title = {{Orbital clustering of distant Kuiper belt objects by hypothetical Planet 9. Secular or resonant?}},
	Volume = 590,
	Year = 2016,
	Bdsk-Url-1 = {http://dx.doi.org/10.1051/0004-6361/201628638}}

@article{lindermordasini16,
	Adsnote = {Provided by the SAO/NASA Astrophysics Data System},
	Adsurl = {http://adsabs.harvard.edu/abs/2016A%26A...589A.134L},
	Archiveprefix = {arXiv},
	Author = {{Linder}, E.~F. and {Mordasini}, C.},
	Date-Added = {2016-07-21 19:03:26 +0000},
	Date-Modified = {2016-07-21 19:05:57 +0000},
	Doi = {10.1051/0004-6361/201628350},
	Eid = {A134},
	Eprint = {1602.07465},
	Journal = {\aap},
	Keywords = {planets and satellites: detection, planets and satellites: physical evolution, Oort Cloud, Kuiper belt: general},
	Month = may,
	Pages = {A134},
	Primaryclass = {astro-ph.EP},
	Title = {{Evolution and magnitudes of candidate Planet Nine}},
	Volume = 589,
	Year = 2016,
	Bdsk-Url-1 = {http://dx.doi.org/10.1051/0004-6361/201628350}}

@article{dlfmdlfm16b,
	Adsnote = {Provided by the SAO/NASA Astrophysics Data System},
	Adsurl = {http://adsabs.harvard.edu/abs/2016MNRAS.459L..66D},
	Archiveprefix = {arXiv},
	Author = {{de la Fuente Marcos}, C. and {de la Fuente Marcos}, R.},
	Date-Added = {2016-07-21 18:35:39 +0000},
	Date-Modified = {2016-07-21 18:36:03 +0000},
	Doi = {10.1093/mnrasl/slw049},
	Eprint = {1603.06520},
	Journal = {\mnras},
	Keywords = {methods: statistical, celestial mechanics, minor planets, asteroids: general, Oort Cloud, planets and satellites: detection, planets and satellites: general},
	Month = jun,
	Pages = {L66-L70},
	Primaryclass = {astro-ph.EP},
	Title = {{Finding Planet Nine: a Monte Carlo approach}},
	Volume = 459,
	Year = 2016,
	Bdsk-Url-1 = {http://dx.doi.org/10.1093/mnrasl/slw049}}

@article{brownbatygin16,
	Adsnote = {Provided by the SAO/NASA Astrophysics Data System},
	Adsurl = {http://adsabs.harvard.edu/abs/2016ApJ...824L..23B},
	Archiveprefix = {arXiv},
	Author = {{Brown}, M.~E. and {Batygin}, K.},
	Date-Added = {2016-07-21 18:35:39 +0000},
	Date-Modified = {2016-07-21 18:37:06 +0000},
	Doi = {10.3847/2041-8205/824/2/L23},
	Eid = {L23},
	Eprint = {1603.05712},
	Journal = {\apjl},
	Keywords = {celestial mechanics, Kuiper belt: general, planets and satellites: detection},
	Month = jun,
	Pages = {L23},
	Primaryclass = {astro-ph.EP},
	Title = {{Observational Constraints on the Orbit and Location of Planet Nine in the Outer Solar System}},
	Volume = 824,
	Year = 2016,
	Bdsk-Url-1 = {http://dx.doi.org/10.3847/2041-8205/824/2/L23}}

@article{malhotraetal16,
	Adsnote = {Provided by the SAO/NASA Astrophysics Data System},
	Adsurl = {http://adsabs.harvard.edu/abs/2016ApJ...824L..22M},
	Archiveprefix = {arXiv},
	Author = {{Malhotra}, R. and {Volk}, K. and {Wang}, X.},
	Date-Added = {2016-07-21 18:35:39 +0000},
	Date-Modified = {2016-07-21 18:37:14 +0000},
	Doi = {10.3847/2041-8205/824/2/L22},
	Eid = {L22},
	Eprint = {1603.02196},
	Journal = {\apjl},
	Keywords = {celestial mechanics, Kuiper belt: general, planets and satellites: detection, planets and satellites: dynamical evolution and stability},
	Month = jun,
	Pages = {L22},
	Primaryclass = {astro-ph.EP},
	Title = {{Corralling a Distant Planet with Extreme Resonant Kuiper Belt Objects}},
	Volume = 824,
	Year = 2016,
	Bdsk-Url-1 = {http://dx.doi.org/10.3847/2041-8205/824/2/L22}}

@article{liadams16,
	Adsnote = {Provided by the SAO/NASA Astrophysics Data System},
	Adsurl = {http://adsabs.harvard.edu/abs/2016ApJ...823L...3L},
	Archiveprefix = {arXiv},
	Author = {{Li}, G. and {Adams}, F.~C.},
	Date-Added = {2016-07-21 18:35:39 +0000},
	Date-Modified = {2016-07-21 18:37:23 +0000},
	Doi = {10.3847/2041-8205/823/1/L3},
	Eid = {L3},
	Eprint = {1602.08496},
	Journal = {\apjl},
	Keywords = {planet{\ndash}star interactions},
	Month = may,
	Pages = {L3},
	Primaryclass = {astro-ph.EP},
	Title = {{Interaction Cross Sections and Survival Rates for Proposed Solar System Member Planet Nine}},
	Volume = 823,
	Year = 2016,
	Bdsk-Url-1 = {http://dx.doi.org/10.3847/2041-8205/823/1/L3}}

@article{fiengaetal16,
	Adsnote = {Provided by the SAO/NASA Astrophysics Data System},
	Adsurl = {http://adsabs.harvard.edu/abs/2016A%26A...587L...8F},
	Archiveprefix = {arXiv},
	Author = {{Fienga}, A. and {Laskar}, J. and {Manche}, H. and {Gastineau}, M.},
	Date-Added = {2016-07-21 18:35:39 +0000},
	Date-Modified = {2016-07-21 18:37:36 +0000},
	Doi = {10.1051/0004-6361/201628227},
	Eid = {L8},
	Eprint = {1602.06116},
	Journal = {\aap},
	Keywords = {Kuiper belt: general, planets and satellites: detection},
	Month = mar,
	Pages = {L8},
	Primaryclass = {astro-ph.EP},
	Title = {{Constraints on the location of a possible 9th planet derived from the Cassini data}},
	Volume = 587,
	Year = 2016,
	Bdsk-Url-1 = {http://dx.doi.org/10.1051/0004-6361/201628227}}

@article{gomesetal15,
	Adsnote = {Provided by the SAO/NASA Astrophysics Data System},
	Adsurl = {http://adsabs.harvard.edu/abs/2015Icar..258...37G},
	Author = {{Gomes}, R.~S. and {Soares}, J.~S. and {Brasser}, R.},
	Date-Added = {2016-07-21 18:35:39 +0000},
	Date-Modified = {2016-07-21 18:37:46 +0000},
	Doi = {10.1016/j.icarus.2015.06.020},
	Journal = {\icarus},
	Keywords = {Centaurs, Planet-disk interactions, Trans-neptunian objects, Planets, migration},
	Month = sep,
	Pages = {37-49},
	Title = {{The observation of large semi-major axis Centaurs: Testing for the signature of a planetary-mass solar companion}},
	Volume = 258,
	Year = 2015,
	Bdsk-Url-1 = {http://dx.doi.org/10.1016/j.icarus.2015.06.020}}

@article{mustilletal16,
	Adsnote = {Provided by the SAO/NASA Astrophysics Data System},
	Adsurl = {http://adsabs.harvard.edu/abs/2016MNRAS.460L.109M},
	Archiveprefix = {arXiv},
	Author = {{Mustill}, A.~J. and {Raymond}, S.~N. and {Davies}, M.~B.},
	Date-Added = {2016-07-21 18:35:09 +0000},
	Date-Modified = {2016-07-21 18:36:27 +0000},
	Doi = {10.1093/mnrasl/slw075},
	Eprint = {1603.07247},
	Journal = {\mnras},
	Keywords = {Kuiper belt: general, planets and satellites: dynamical evolution and stability, planets and satellites: individual: Planet 9, planetary systems, open clusters and associations: general},
	Month = jul,
	Pages = {L109-L113},
	Primaryclass = {astro-ph.EP},
	Title = {{Is there an exoplanet in the Solar system?}},
	Volume = 460,
	Year = 2016,
	Bdsk-Url-1 = {http://dx.doi.org/10.1093/mnrasl/slw075}}

@article{dlfmdlfm16a,
	Adsnote = {Provided by the SAO/NASA Astrophysics Data System},
	Adsurl = {http://adsabs.harvard.edu/abs/2016MNRAS.460L.123D},
	Archiveprefix = {arXiv},
	Author = {{de la Fuente Marcos}, C. and {de la Fuente Marcos}, R. and {Aarseth}, S.~J.},
	Date-Added = {2016-07-21 18:34:28 +0000},
	Date-Modified = {2016-07-21 18:34:48 +0000},
	Doi = {10.1093/mnrasl/slw078},
	Eprint = {1604.06241},
	Journal = {\mnras},
	Keywords = {methods: numerical, celestial mechanics, Kuiper belt: general, minor planets, asteroids: general, Oort Cloud, planets and satellites: general},
	Month = jul,
	Pages = {L123-L127},
	Primaryclass = {astro-ph.EP},
	Title = {{Dynamical impact of the Planet Nine scenario: N-body experiments}},
	Volume = 460,
	Year = 2016,
	Bdsk-Url-1 = {http://dx.doi.org/10.1093/mnrasl/slw078}}

@article{shankman16,
	Adsnote = {Provided by the SAO/NASA Astrophysics Data System},
	Adsurl = {http://adsabs.harvard.edu/abs/2016AJ....151...31S},
	Archiveprefix = {arXiv},
	Author = {{Shankman}, C. and {Kavelaars}, J. and {Gladman}, B.~J. and {Alexandersen}, M. and {Kaib}, N. and {Petit}, J.-M. and {Bannister}, M.~T. and {Chen}, Y.-T. and {Gwyn}, S. and {Jakubik}, M. and {Volk}, K.},
	Date-Added = {2016-05-09 18:15:04 +0000},
	Date-Modified = {2016-05-09 18:15:22 +0000},
	Doi = {10.3847/0004-6256/151/2/31},
	Eid = {31},
	Eprint = {1511.02896},
	Journal = {\aj},
	Keywords = {comets: general, Kuiper Belt: general},
	Month = feb,
	Pages = {31},
	Primaryclass = {astro-ph.EP},
	Title = {{OSSOS. II. A Sharp Transition in the Absolute Magnitude Distribution of the Kuiper Belt{\rsquo}s Scattering Population}},
	Volume = 151,
	Year = 2016,
	Bdsk-Url-1 = {http://dx.doi.org/10.3847/0004-6256/151/2/31}}

@inbook{Leinhardt2007,
	Adsnote = {Provided by the SAO/NASA Astrophysics Data System},
	Adsurl = {http://adsabs.harvard.edu/abs/2008ssbn.book..195L},
	Author = {{Leinhardt}, Z.~M. and {Stewart}, S.~T. and {Schultz}, P.~H.},
	Booktitle = {The Solar System Beyond Neptune},
	Date-Added = {2016-05-09 18:09:17 +0000},
	Date-Modified = {2016-05-09 18:09:17 +0000},
	Pages = {195-211},
	Publisher = {The University of Arizona Press},
	Title = {{Physical Effects of Collisions in the Kuiper Belt}},
	Year = 2008}

@article{batyginbrown10,
	Adsnote = {Provided by the SAO/NASA Astrophysics Data System},
	Adsurl = {http://adsabs.harvard.edu/abs/2010ApJ...716.1323B},
	Archiveprefix = {arXiv},
	Author = {{Batygin}, K. and {Brown}, M.~E.},
	Date-Added = {2016-05-09 18:09:17 +0000},
	Date-Modified = {2016-05-09 18:09:17 +0000},
	Doi = {10.1088/0004-637X/716/2/1323},
	Eprint = {1004.5414},
	Journal = {\apj},
	Keywords = {celestial mechanics, methods: analytical, methods: numerical, planets and satellites: formation},
	Month = jun,
	Pages = {1323-1331},
	Primaryclass = {astro-ph.EP},
	Title = {{Early Dynamical Evolution of the Solar System: Pinning Down the Initial Conditions of the Nice Model}},
	Volume = 716,
	Year = 2010,
	Bdsk-Url-1 = {http://dx.doi.org/10.1088/0004-637X/716/2/1323}}

@article{batyginbrown16,
	Adsnote = {Provided by the SAO/NASA Astrophysics Data System},
	Adsurl = {http://adsabs.harvard.edu/abs/2016AJ....151...22B},
	Archiveprefix = {arXiv},
	Author = {{Batygin}, K. and {Brown}, M.~E.},
	Doi = {10.3847/0004-6256/151/2/22},
	Eid = {22},
	Eprint = {1601.05438},
	Journal = {\aj},
	Keywords = {Kuiper Belt: general, planets and satellites: dynamical evolution and stability},
	Month = feb,
	Pages = {22},
	Primaryclass = {astro-ph.EP},
	Title = {{Evidence for a Distant Giant Planet in the Solar System}},
	Volume = 151,
	Year = 2016,
	Bdsk-Url-1 = {http://dx.doi.org/10.3847/0004-6256/151/2/22}}

@article{santossanz12,
	Adsnote = {Provided by the SAO/NASA Astrophysics Data System},
	Adsurl = {http://adsabs.harvard.edu/abs/2012A%26A...541A..92S},
	Archiveprefix = {arXiv},
	Author = {{Santos-Sanz}, P. and {Lellouch}, E. and {Fornasier}, S. and {Kiss}, C. and {Pal}, A. and {M{\"u}ller}, T.~G. and {Vilenius}, E. and {Stansberry}, J. and {Mommert}, M. and {Delsanti}, A. and {Mueller}, M. and {Peixinho}, N. and {Henry}, F. and {Ortiz}, J.~L. and {Thirouin}, A. and {Protopapa}, S. and {Duffard}, R. and {Szalai}, N. and {Lim}, T. and {Ejeta}, C. and {Hartogh}, P. and {Harris}, A.~W. and {Rengel}, M.},
	Date-Added = {2016-05-09 18:09:17 +0000},
	Date-Modified = {2016-05-09 18:09:17 +0000},
	Doi = {10.1051/0004-6361/201118541},
	Eid = {A92},
	Eprint = {1202.1481},
	Journal = {\aap},
	Keywords = {Kuiper belt: general, infrared: planetary systems, methods: observational, techniques: photometric},
	Month = may,
	Pages = {A92},
	Primaryclass = {astro-ph.EP},
	Title = {{''TNOs are Cool'': A survey of the trans-Neptunian region. IV. Size/albedo characterization of 15 scattered disk and detached objects observed with Herschel-PACS}},
	Volume = 541,
	Year = 2012,
	Bdsk-Url-1 = {http://dx.doi.org/10.1051/0004-6361/201118541}}

@article{leverrier1846,
	Adsnote = {Provided by the SAO/NASA Astrophysics Data System},
	Adsurl = {http://adsabs.harvard.edu/abs/1846AN.....25...65L},
	Author = {{Le Verrier}, U.~J.},
	Journal = {Astronomische Nachrichten},
	Month = oct,
	Pages = {65},
	Title = {{Recherches sur les mouvements d'Uranus par U. J. Le Verrier (Fortsetzung).}},
	Volume = 25,
	Year = 1846}

@article{duffard14,
	Adsnote = {Provided by the SAO/NASA Astrophysics Data System},
	Adsurl = {http://adsabs.harvard.edu/abs/2014A%26A...564A..92D},
	Archiveprefix = {arXiv},
	Author = {{Duffard}, R. and {Pinilla-Alonso}, N. and {Santos-Sanz}, P. and {Vilenius}, E. and {Ortiz}, J.~L. and {Mueller}, T. and {Fornasier}, S. and {Lellouch}, E. and {Mommert}, M. and {Pal}, A. and {Kiss}, C. and {Mueller}, M. and {Stansberry}, J. and {Delsanti}, A. and {Peixinho}, N. and {Trilling}, D.},
	Date-Added = {2016-05-09 18:09:17 +0000},
	Date-Modified = {2016-05-09 18:09:17 +0000},
	Doi = {10.1051/0004-6361/201322377},
	Eid = {A92},
	Eprint = {1309.0946},
	Journal = {\aap},
	Keywords = {Kuiper belt: general},
	Month = apr,
	Pages = {A92},
	Primaryclass = {astro-ph.EP},
	Title = {{''TNOs are Cool'': A survey of the trans-Neptunian region. XI. A Herschel-PACS view of 16 Centaurs}},
	Volume = 564,
	Year = 2014,
	Bdsk-Url-1 = {http://dx.doi.org/10.1051/0004-6361/201322377}}

@article{benecchisheppard13,
	Adsnote = {Provided by the SAO/NASA Astrophysics Data System},
	Adsurl = {http://adsabs.harvard.edu/abs/2013AJ....145..124B},
	Archiveprefix = {arXiv},
	Author = {{Benecchi}, S.~D. and {Sheppard}, S.~S.},
	Date-Added = {2016-05-09 18:09:17 +0000},
	Date-Modified = {2016-05-09 18:09:17 +0000},
	Doi = {10.1088/0004-6256/145/5/124},
	Eid = {124},
	Eprint = {1301.5791},
	Journal = {\aj},
	Keywords = {Kuiper belt: general, surveys},
	Month = may,
	Pages = {124},
	Primaryclass = {astro-ph.EP},
	Title = {{Light Curves of 32 Large Transneptunian Objects}},
	Volume = 145,
	Year = 2013,
	Bdsk-Url-1 = {http://dx.doi.org/10.1088/0004-6256/145/5/124}}

@article{gladman91,
	Adsnote = {Provided by the SAO/NASA Astrophysics Data System},
	Adsurl = {http://adsabs.harvard.edu/abs/1991CeMDA..52..221G},
	Author = {{Gladman}, B. and {Duncan}, M. and {Candy}, J.},
	Date-Added = {2016-05-09 18:09:17 +0000},
	Date-Modified = {2016-05-09 18:09:17 +0000},
	Doi = {10.1007/BF00048485},
	Journal = {Celestial Mechanics and Dynamical Astronomy},
	Keywords = {Celestial Mechanics, Eccentric Orbits, Hamiltonian Functions, Many Body Problem, Numerical Integration, Numerical Stability, Solar System, Three Body Problem, Two Body Problem},
	Month = sep,
	Pages = {221-240},
	Title = {{Symplectic integrators for long-term integrations in celestial mechanics}},
	Volume = 52,
	Year = 1991,
	Bdsk-Url-1 = {http://dx.doi.org/10.1007/BF00048485}}

@article{gladmankavelaars97,
	Adsnote = {Provided by the SAO/NASA Astrophysics Data System},
	Adsurl = {http://adsabs.harvard.edu/abs/1997A%26A...317L..35G},
	Author = {{Gladman}, B. and {Kavelaars}, J.~J.},
	Date-Added = {2016-05-09 18:09:17 +0000},
	Date-Modified = {2016-05-09 18:09:17 +0000},
	Eprint = {astro-ph/9610150},
	Journal = {\aap},
	Keywords = {KUIPER BELT, OUTER SOLAR SYSTEM, TRANS-NEPTUNIAN OBJECTS},
	Month = jan,
	Pages = {L35-L38},
	Title = {{Kuiper Belt searches from the Palomar 5-m telescope.}},
	Volume = 317,
	Year = 1997}

@article{petit15,
	Author = {{Petit}, J.-M. and {Kavelaars}, J.~J. and {Gladman}, B.~J. and {Jones}, R.~L. and {Parker}, J.~W.},
	Date-Added = {2016-05-09 18:09:17 +0000},
	Date-Modified = {2016-05-09 18:09:17 +0000},
	Journal = {AJ},
	Title = {The High-Latitude extension of the Canada France Ecliptic Plane Survey.},
	Volume = {inprep},
	Year = {2015}}

@inproceedings{petit14,
	Author = {Petit, J-M. and Kavelaars, J and Gladman, B. and Jones, L. and {Parker}, J.~W.},
	Booktitle = {AAS/Division for Planetary Sciences Meeting Abstracts},
	Date-Added = {2016-05-09 18:09:17 +0000},
	Date-Modified = {2016-05-09 18:09:17 +0000},
	Title = {A Precise Description of the Hot Classical Belt from the High Lattitude Ecliptic Survey},
	Volume = {46},
	Year = {2014}}

@inproceedings{kavelaarsepsc11,
	Adsnote = {Provided by the SAO/NASA Astrophysics Data System},
	Adsurl = {http://adsabs.harvard.edu/abs/2011epsc.conf.1318K},
	Author = {{Kavelaars}, J.~J. and {Petit}, J.-M. and {Gladman}, B. and {Jone}, R.~L. and {Parker}, J. and {Taylor}, M.},
	Booktitle = {EPSC-DPS Joint Meeting 2011},
	Date-Added = {2016-05-09 18:09:17 +0000},
	Date-Modified = {2016-05-09 18:09:17 +0000},
	Month = oct,
	Pages = {1318},
	Title = {{The scattered disk and hot belt, two sides of the same coin?}},
	Year = 2011}

@article{alexandersen13,
	Adsnote = {Provided by the SAO/NASA Astrophysics Data System},
	Adsurl = {http://adsabs.harvard.edu/abs/2013Sci...341..994A},
	Archiveprefix = {arXiv},
	Author = {{Alexandersen}, M. and {Gladman}, B. and {Greenstreet}, S. and {Kavelaars}, J.~J. and {Petit}, J.-M. and {Gwyn}, S.},
	Date-Added = {2016-05-09 18:09:17 +0000},
	Date-Modified = {2016-05-09 18:09:17 +0000},
	Doi = {10.1126/science.1238072},
	Eprint = {1303.5774},
	Journal = {Science},
	Month = {aug},
	Pages = {994-997},
	Primaryclass = {astro-ph.EP},
	Title = {{A Uranian Trojan and the Frequency of Temporary Giant-Planet Co-Orbitals}},
	Volume = 341,
	Year = {2013},
	Bdsk-Url-1 = {http://dx.doi.org/10.1126/science.1238072}}

@article{tomatic14a,
	Author = {{Tomatic}, A.~U.},
	Date-Added = {2016-05-09 18:09:17 +0000},
	Date-Modified = {2016-05-09 18:09:17 +0000},
	Journal = {Minor Planet Electronic Circulars},
	Month = {Nov},
	Pages = {V71},
	Title = {{Daily Orbit Update}},
	Year = {2014}}

@article{tomatic14b,
	Author = {{Tomatic}, A.~U.},
	Date-Added = {2016-05-09 18:09:17 +0000},
	Date-Modified = {2016-05-09 18:09:17 +0000},
	Journal = {Minor Planet Electronic Circulars},
	Month = {Nov},
	Pages = {W - in prep},
	Title = {{Daily Orbit Update}},
	Year = {2014}}

@article{campobagatin12,
	Adsnote = {Provided by the SAO/NASA Astrophysics Data System},
	Adsurl = {http://adsabs.harvard.edu/abs/2012MNRAS.423.1254C},
	Author = {{Campo Bagatin}, A. and {Benavidez}, P.~G.},
	Date-Added = {2016-05-09 18:09:17 +0000},
	Date-Modified = {2016-05-09 18:09:17 +0000},
	Doi = {10.1111/j.1365-2966.2012.20954.x},
	Journal = {\mnras},
	Keywords = {Kuiper belt: general},
	Month = jun,
	Pages = {1254-1266},
	Title = {{Collisional evolution of trans-Neptunian object populations in a Nice model environment}},
	Volume = 423,
	Year = 2012,
	Bdsk-Url-1 = {http://dx.doi.org/10.1111/j.1365-2966.2012.20954.x}}

@article{hornerevans06,
	Adsnote = {Provided by the SAO/NASA Astrophysics Data System},
	Adsurl = {http://adsabs.harvard.edu/abs/2006MNRAS.367L..20H},
	Author = {{Horner}, J. and {Wyn Evans}, N.},
	Date-Added = {2016-05-09 18:09:17 +0000},
	Date-Modified = {2016-05-09 18:09:17 +0000},
	Doi = {10.1111/j.1745-3933.2006.00131.x},
	Eprint = {arXiv:astro-ph/0511791},
	Journal = {Monthly Notices of the Royal Astronomical Society},
	Keywords = {comets: general, minor planets, asteroids, planets and satellites: general, Solar system: general},
	Month = mar,
	Pages = {L20-L23},
	Title = {{The capture of Centaurs as Trojans}},
	Volume = 367,
	Year = 2006,
	Bdsk-Url-1 = {http://dx.doi.org/10.1111/j.1745-3933.2006.00131.x}}

@article{nesvornyvokrouhlicky09,
	Adsnote = {Provided by the SAO/NASA Astrophysics Data System},
	Adsurl = {http://adsabs.harvard.edu/abs/2009AJ....137.5003N},
	Author = {{Nesvorn{\'y}}, D. and {Vokrouhlick{\'y}}, D.},
	Date-Added = {2016-05-09 18:09:17 +0000},
	Date-Modified = {2016-05-09 18:09:17 +0000},
	Doi = {10.1088/0004-6256/137/6/5003},
	Journal = {Astronomical Journal},
	Keywords = {Kuiper Belt, solar system: formation},
	Month = jun,
	Pages = {5003-5011},
	Title = {{Chaotic Capture of Neptune Trojans}},
	Volume = 137,
	Year = 2009,
	Bdsk-Url-1 = {http://dx.doi.org/10.1088/0004-6256/137/6/5003}}

@article{lykawkamukai07,
	Adsnote = {Provided by the SAO/NASA Astrophysics Data System},
	Adsurl = {http://adsabs.harvard.edu/abs/2007Icar..192..238L},
	Archiveprefix = {arXiv},
	Author = {{Lykawka}, P.~S. and {Mukai}, T.},
	Date-Added = {2016-05-09 18:09:17 +0000},
	Date-Modified = {2016-05-09 18:09:17 +0000},
	Doi = {10.1016/j.icarus.2007.06.007},
	Eprint = {0707.4301},
	Journal = {Icarus},
	Month = dec,
	Pages = {238-247},
	Title = {{Resonance sticking in the scattered disk}},
	Volume = 192,
	Year = 2007,
	Bdsk-Url-1 = {http://dx.doi.org/10.1016/j.icarus.2007.06.007}}

@article{hornerlykawka10a,
	Adsnote = {Provided by the SAO/NASA Astrophysics Data System},
	Adsurl = {http://adsabs.harvard.edu/abs/2010MNRAS.405...49H},
	Archiveprefix = {arXiv},
	Author = {{Horner}, J. and {Lykawka}, P.~S.},
	Date-Added = {2016-05-09 18:09:17 +0000},
	Date-Modified = {2016-05-09 18:09:17 +0000},
	Doi = {10.1111/j.1365-2966.2010.16441.x},
	Eprint = {1002.4699},
	Journal = {Monthly Notices of the Royal Astronomical Society},
	Keywords = {methods: N-body simulations, celestial mechanics, Kuiper Belt, minor planets, asteroids, Solar system: formation, Solar system: general},
	Month = jun,
	Pages = {49-56},
	Primaryclass = {astro-ph.EP},
	Title = {{2001 QR322: a dynamically unstable Neptune Trojan?}},
	Volume = 405,
	Year = 2010,
	Bdsk-Url-1 = {http://dx.doi.org/10.1111/j.1365-2966.2010.16441.x}}

@article{horner12,
	Adsnote = {Provided by the SAO/NASA Astrophysics Data System},
	Adsurl = {http://adsabs.harvard.edu/abs/2012MNRAS.422.2145H},
	Archiveprefix = {arXiv},
	Author = {{Horner}, J. and {Lykawka}, P.~S. and {Bannister}, M.~T. and {Francis}, P.},
	Date-Added = {2016-05-09 18:09:17 +0000},
	Date-Modified = {2016-05-09 18:09:17 +0000},
	Doi = {10.1111/j.1365-2966.2012.20757.x},
	Eprint = {1202.3279},
	Journal = {Monthly Notices of the Royal Astronomical Society},
	Keywords = {comets: general, Kuiper belt: general, minor planets, asteroids: general, planets and satellites: individual: Neptune},
	Month = may,
	Pages = {2145-2151},
	Primaryclass = {astro-ph.EP},
	Title = {{2008 LC18: a potentially unstable Neptune Trojan}},
	Volume = 422,
	Year = 2012,
	Bdsk-Url-1 = {http://dx.doi.org/10.1111/j.1365-2966.2012.20757.x}}

@article{hornerlykawka10b,
	Adsnote = {Provided by the SAO/NASA Astrophysics Data System},
	Adsurl = {http://adsabs.harvard.edu/abs/2010IJAsB...9..227H},
	Archiveprefix = {arXiv},
	Author = {{Horner}, J. and {Lykawka}, P.~S.},
	Date-Added = {2016-05-09 18:09:17 +0000},
	Date-Modified = {2016-05-09 18:09:17 +0000},
	Doi = {10.1017/S1473550410000212},
	Eprint = {1007.2541},
	Journal = {International Journal of Astrobiology},
	Month = oct,
	Pages = {227-234},
	Primaryclass = {astro-ph.EP},
	Title = {{Planetary Trojans - the main source of short period comets?}},
	Volume = 9,
	Year = 2010,
	Bdsk-Url-1 = {http://dx.doi.org/10.1017/S1473550410000212}}

@article{hornerlykawka12,
	Adsnote = {Provided by the SAO/NASA Astrophysics Data System},
	Adsurl = {http://adsabs.harvard.edu/abs/2012MNRAS.426..159H},
	Author = {{Horner}, J. and {Lykawka}, P.~S.},
	Date-Added = {2016-05-09 18:09:17 +0000},
	Date-Modified = {2016-05-09 18:09:17 +0000},
	Doi = {10.1111/j.1365-2966.2012.21717.x},
	Journal = {Monthly Notices of the Royal Astronomical Society},
	Keywords = {comets: general, Kuiper belt: general, minor planets, asteroids: general, minor planets, asteroids: individual: 2004 KV$_{18}$, planets and satellites: formation, planets and satellites: individual: Neptune},
	Month = oct,
	Pages = {159-166},
	Title = {{2004 KV$_{18}$: a visitor from the scattered disc to the Neptune Trojan population}},
	Volume = 426,
	Year = 2012,
	Bdsk-Url-1 = {http://dx.doi.org/10.1111/j.1365-2966.2012.21717.x}}

@article{dlfmdlfm12a,
	Adsnote = {Provided by the SAO/NASA Astrophysics Data System},
	Adsurl = {http://adsabs.harvard.edu/abs/2012A%26A...545L...9D},
	Archiveprefix = {arXiv},
	Author = {{de la Fuente Marcos}, C. and {de la Fuente Marcos}, R.},
	Date-Added = {2016-05-09 18:09:17 +0000},
	Date-Modified = {2016-05-09 18:09:17 +0000},
	Doi = {10.1051/0004-6361/201219931},
	Eid = {L9},
	Eprint = {1209.1577},
	Journal = {Astronomy and Astrophysics},
	Keywords = {minor planets, asteroids: general, minor planets, asteroids: individual: (309239) 2007 RW10, celestial mechanics, methods: numerical},
	Month = sep,
	Pages = {L9},
	Primaryclass = {astro-ph.EP},
	Title = {{(309239) 2007 RW$_{10}$: a large temporary quasi-satellite of Neptune}},
	Volume = 545,
	Year = 2012,
	Bdsk-Url-1 = {http://dx.doi.org/10.1051/0004-6361/201219931}}

@article{kaib11b,
	Adsnote = {Provided by the SAO/NASA Astrophysics Data System},
	Adsurl = {http://adsabs.harvard.edu/abs/2011Icar..215..491K},
	Archiveprefix = {arXiv},
	Author = {{Kaib}, N.~A. and {Ro{\v s}kar}, R. and {Quinn}, T.},
	Date-Added = {2016-05-09 18:09:17 +0000},
	Date-Modified = {2016-05-09 18:09:17 +0000},
	Doi = {10.1016/j.icarus.2011.07.037},
	Eprint = {1108.1570},
	Journal = {Icarus},
	Month = oct,
	Pages = {491-507},
	Primaryclass = {astro-ph.EP},
	Title = {{Sedna and the Oort Cloud around a migrating Sun}},
	Volume = 215,
	Year = 2011,
	Bdsk-Url-1 = {http://dx.doi.org/10.1016/j.icarus.2011.07.037}}

@article{dlfmdlfm12c,
	Adsnote = {Provided by the SAO/NASA Astrophysics Data System},
	Adsurl = {http://adsabs.harvard.edu/abs/2012A%26A...547L...2D},
	Archiveprefix = {arXiv},
	Author = {{de la Fuente Marcos}, C. and {de la Fuente Marcos}, R.},
	Date-Added = {2016-05-09 18:09:17 +0000},
	Date-Modified = {2016-05-09 18:09:17 +0000},
	Doi = {10.1051/0004-6361/201220377},
	Eid = {L2},
	Eprint = {1210.3466},
	Journal = {Astronomy and Astrophysics},
	Keywords = {methods: numerical, celestial mechanics, minor planets, asteroids: general, Kuiper belt: general},
	Month = nov,
	Pages = {L2},
	Primaryclass = {astro-ph.EP},
	Title = {{Four temporary Neptune co-orbitals: (148975) 2001 XA$_{255}$, (310071) 2010 KR$_{59}$, (316179) 2010 EN$_{65}$, and 2012 GX$_{17}$}},
	Volume = 547,
	Year = 2012,
	Bdsk-Url-1 = {http://dx.doi.org/10.1051/0004-6361/201220377}}

@article{parker13,
	Adsnote = {Provided by the SAO/NASA Astrophysics Data System},
	Adsurl = {http://adsabs.harvard.edu/abs/2013AJ....145...96P},
	Author = {{Parker}, A.~H. and {Buie}, M.~W. and {Osip}, D.~J. and {Gwyn}, S.~D.~J. and {Holman}, M.~J. and {Borncamp}, D.~M. and {Spencer}, J.~R. and {Benecchi}, S.~D. and {Binzel}, R.~P. and {DeMeo}, F.~E. and {Fabbro}, S. and {Fuentes}, C.~I. and {Gay}, P.~L. and {Kavelaars}, J.~J. and {Stern}, S.~A. and {Tholen}, D.~J. and {Trilling}, D.~E. and {Ragozzine}, D.~A. and {Wasserman}, L.~H. and {Ice Hunters}, t.},
	Date-Added = {2016-05-09 18:09:17 +0000},
	Date-Modified = {2016-05-09 18:09:17 +0000},
	Doi = {10.1088/0004-6256/145/4/96},
	Eid = {96},
	Journal = {Astronomical Journal},
	Keywords = {minor planets, asteroids: general},
	Month = apr,
	Pages = {96},
	Title = {{2011 HM$_{102}$: Discovery of a High-inclination L5 Neptune Trojan in the Search for a Post-Pluto New Horizons Target}},
	Volume = 145,
	Year = 2013,
	Bdsk-Url-1 = {http://dx.doi.org/10.1088/0004-6256/145/4/96}}

@article{parker15,
	Adsnote = {Provided by the SAO/NASA Astrophysics Data System},
	Adsurl = {http://adsabs.harvard.edu/abs/2015Icar..247..112P},
	Archiveprefix = {arXiv},
	Author = {{Parker}, A.~H.},
	Date-Added = {2016-05-09 18:09:17 +0000},
	Date-Modified = {2016-05-09 18:09:17 +0000},
	Doi = {10.1016/j.icarus.2014.09.043},
	Eprint = {1409.6735},
	Journal = {\icarus},
	Keywords = {Trans-neptunian objects, Trojan asteroids, Planets, migration, Neptune, Origin, Solar System},
	Month = feb,
	Pages = {112-125},
	Primaryclass = {astro-ph.EP},
	Title = {{The intrinsic Neptune Trojan orbit distribution: Implications for the primordial disk and planet migration}},
	Volume = 247,
	Year = 2015,
	Bdsk-Url-1 = {http://dx.doi.org/10.1016/j.icarus.2014.09.043}}

@article{sheppardtrujillo10a,
	Adsnote = {Provided by the SAO/NASA Astrophysics Data System},
	Adsurl = {http://adsabs.harvard.edu/abs/2010Sci...329.1304S},
	Author = {{Sheppard}, S.~S. and {Trujillo}, C.~A.},
	Date-Added = {2016-05-09 18:09:17 +0000},
	Date-Modified = {2016-05-09 18:09:17 +0000},
	Doi = {10.1126/science.1189666},
	Journal = {Science},
	Month = sep,
	Pages = {1304-},
	Title = {{Detection of a Trailing (L5) Neptune Trojan}},
	Volume = 329,
	Year = 2010,
	Bdsk-Url-1 = {http://dx.doi.org/10.1126/science.1189666}}

@article{sheppardtrujillo06,
	Adsnote = {Provided by the SAO/NASA Astrophysics Data System},
	Adsurl = {http://adsabs.harvard.edu/abs/2006Sci...313..511S},
	Author = {{Sheppard}, S.~S. and {Trujillo}, C.~A.},
	Date-Added = {2016-05-09 18:09:17 +0000},
	Date-Modified = {2016-05-09 18:09:17 +0000},
	Doi = {10.1126/science.1127173},
	Journal = {Science},
	Month = jul,
	Pages = {511-514},
	Title = {{A Thick Cloud of Neptune Trojans and Their Colors}},
	Volume = 313,
	Year = 2006,
	Bdsk-Url-1 = {http://dx.doi.org/10.1126/science.1127173}}

@article{cernis12,
	Adsnote = {Provided by the SAO/NASA Astrophysics Data System},
	Adsurl = {http://adsabs.harvard.edu/abs/2012BaltA..21..455C},
	Author = {{{\v C}ernis}, K. and {Boyle}, R.~P. and {Laugalys}, V. and {Wlodarczyk}, I.},
	Date-Added = {2016-05-09 18:09:17 +0000},
	Date-Modified = {2016-05-09 18:09:17 +0000},
	Journal = {Baltic Astronomy},
	Keywords = {asteroids: astrometry, photometry, orbits, asteroids: Centaurs: individual (2012 DS85)},
	Pages = {455-464},
	Title = {{Discovery, Observational Data and the Orbit of the Centaur Asteroid 2012 DS85}},
	Volume = 21,
	Year = 2012}

@article{moraismorbidelli02,
	Adsnote = {Provided by the SAO/NASA Astrophysics Data System},
	Adsurl = {http://adsabs.harvard.edu/abs/2002Icar..160....1M},
	Author = {{Morais}, M.~H.~M. and {Morbidelli}, A.},
	Date-Added = {2016-05-09 18:09:17 +0000},
	Date-Modified = {2016-05-09 18:09:17 +0000},
	Doi = {10.1006/icar.2002.6937},
	Journal = {Icarus},
	Month = nov,
	Pages = {1-9},
	Title = {{The Population of Near-Earth Asteroids in Coorbital Motion with the Earth}},
	Volume = 160,
	Year = 2002,
	Bdsk-Url-1 = {http://dx.doi.org/10.1006/icar.2002.6937}}

@article{sheppardtrujillo10b,
	Adsnote = {Provided by the SAO/NASA Astrophysics Data System},
	Adsurl = {http://adsabs.harvard.edu/abs/2010ApJ...723L.233S},
	Archiveprefix = {arXiv},
	Author = {{Sheppard}, S.~S. and {Trujillo}, C.~A.},
	Date-Added = {2016-05-09 18:09:17 +0000},
	Date-Modified = {2016-05-09 18:09:17 +0000},
	Doi = {10.1088/2041-8205/723/2/L233},
	Eprint = {1009.5990},
	Journal = {Astrophysical Journal Letters},
	Keywords = {comets: general, Kuiper Belt: general, minor planets, asteroids: general, planets and satellites: formation},
	Month = nov,
	Pages = {L233-L237},
	Primaryclass = {astro-ph.EP},
	Title = {{The Size Distribution of the Neptune Trojans and the Missing Intermediate-sized Planetesimals}},
	Volume = 723,
	Year = 2010,
	Bdsk-Url-1 = {http://dx.doi.org/10.1088/2041-8205/723/2/L233}}

@article{dvorak10,
	Adsnote = {Provided by the SAO/NASA Astrophysics Data System},
	Adsurl = {http://adsabs.harvard.edu/abs/2010CeMDA.107...51D},
	Archiveprefix = {arXiv},
	Author = {{Dvorak}, R. and {Bazs{\'o}}, {\'A}. and {Zhou}, L.-Y.},
	Date-Added = {2016-05-09 18:09:17 +0000},
	Date-Modified = {2016-05-09 18:09:17 +0000},
	Doi = {10.1007/s10569-010-9261-y},
	Eprint = {0911.2366},
	Journal = {Celestial Mechanics and Dynamical Astronomy},
	Keywords = {Uranus Trojans, Trojan asteroids, Stability, Inclined Trojans},
	Month = jun,
	Pages = {51-62},
	Primaryclass = {astro-ph.EP},
	Title = {{Where are the Uranus Trojans?}},
	Volume = 107,
	Year = 2010,
	Bdsk-Url-1 = {http://dx.doi.org/10.1007/s10569-010-9261-y}}

@article{shankman13,
	Adsnote = {Provided by the SAO/NASA Astrophysics Data System},
	Adsurl = {http://adsabs.harvard.edu/abs/2013ApJ...764L...2S},
	Archiveprefix = {arXiv},
	Author = {{Shankman}, C. and {Gladman}, B.~J. and {Kaib}, N. and {Kavelaars}, J.~J. and {Petit}, J.~M.},
	Date-Added = {2016-05-09 18:09:17 +0000},
	Date-Modified = {2016-05-09 18:09:17 +0000},
	Doi = {10.1088/2041-8205/764/1/L2},
	Eid = {L2},
	Eprint = {1210.4827},
	Journal = {Astrophysical Journal Letters},
	Keywords = {comets: general, Kuiper Belt: general},
	Month = feb,
	Pages = {L2},
	Primaryclass = {astro-ph.EP},
	Title = {{A Possible Divot in the Size Distribution of the Kuiper Belt's Scattering Objects}},
	Volume = 764,
	Year = 2013,
	Bdsk-Url-1 = {http://dx.doi.org/10.1088/2041-8205/764/1/L2}}

@article{dlfmdlfm13a,
	Adsnote = {Provided by the SAO/NASA Astrophysics Data System},
	Adsurl = {http://adsabs.harvard.edu/abs/2013A%26A...551A.114D},
	Archiveprefix = {arXiv},
	Author = {{de la Fuente Marcos}, C. and {de la Fuente Marcos}, R.},
	Date-Added = {2016-05-09 18:09:17 +0000},
	Date-Modified = {2016-05-09 18:09:17 +0000},
	Doi = {10.1051/0004-6361/201220646},
	Eid = {A114},
	Eprint = {1301.0770},
	Journal = {Astronomy and Astrophysics},
	Keywords = {methods: numerical, minor planets, asteroids: individual: Crantor (2002 GO9), minor planets, asteroids: general, minor planets, asteroids: individual: 2010 EU65, minor planets, asteroids: individual: 2000 SN331, celestial mechanics},
	Month = mar,
	Pages = {A114},
	Primaryclass = {astro-ph.EP},
	Title = {{Crantor, a short-lived horseshoe companion to Uranus}},
	Volume = 551,
	Year = 2013,
	Bdsk-Url-1 = {http://dx.doi.org/10.1051/0004-6361/201220646}}

@article{elliot05,
	Adsnote = {Provided by the SAO/NASA Astrophysics Data System},
	Adsurl = {http://adsabs.harvard.edu/abs/2005AJ....129.1117E},
	Author = {{Elliot}, J.~L. and {Kern}, S.~D. and {Clancy}, K.~B. and {Gulbis}, A.~A.~S. and {Millis}, R.~L. and {Buie}, M.~W. and {Wasserman}, L.~H. and {Chiang}, E.~I. and {Jordan}, A.~B. and {Trilling}, D.~E. and {Meech}, K.~J.},
	Date-Added = {2016-05-09 18:09:17 +0000},
	Date-Modified = {2016-05-09 18:09:17 +0000},
	Doi = {10.1086/427395},
	Journal = {Astronomical Journal},
	Keywords = {Astrometry, Comets: General, Kuiper Belt, Methods: Observational, Planets and Satellites: General, Solar System: General, Surveys},
	Month = feb,
	Pages = {1117-1162},
	Title = {{The Deep Ecliptic Survey: A Search for Kuiper Belt Objects and Centaurs. II. Dynamical Classification, the Kuiper Belt Plane, and the Core Population}},
	Volume = 129,
	Year = 2005,
	Bdsk-Url-1 = {http://dx.doi.org/10.1086/427395}}

@inbook{gladman08,
	Adsnote = {Provided by the SAO/NASA Astrophysics Data System},
	Adsurl = {http://adsabs.harvard.edu/abs/2008ssbn.book...43G},
	Author = {{Gladman}, B. and {Marsden}, B.~G. and {Vanlaerhoven}, C.},
	Booktitle = {The Solar System Beyond Neptune},
	Date-Added = {2016-05-09 18:09:17 +0000},
	Date-Modified = {2016-05-09 18:09:17 +0000},
	Pages = {43-57},
	Publisher = {The University of Arizona Press},
	Title = {{Nomenclature in the Outer Solar System}},
	Year = 2008}

@article{petit11,
	Adsnote = {Provided by the SAO/NASA Astrophysics Data System},
	Adsurl = {http://adsabs.harvard.edu/abs/2011AJ....142..131P},
	Archiveprefix = {arXiv},
	Author = {{Petit}, J.-M. and {Kavelaars}, J.~J. and {Gladman}, B.~J. and {Jones}, R.~L. and {Parker}, J.~W. and {Van Laerhoven}, C. and {Nicholson}, P. and {Mars}, G. and {Rousselot}, P. and {Mousis}, O. and {Marsden}, B. and {Bieryla}, A. and {Taylor}, M. and {Ashby}, M.~L.~N. and {Benavidez}, P. and {Campo Bagatin}, A. and {Bernabeu}, G.},
	Date-Added = {2016-05-09 18:09:17 +0000},
	Date-Modified = {2016-05-09 18:09:17 +0000},
	Doi = {10.1088/0004-6256/142/4/131},
	Eid = {131},
	Eprint = {1108.4836},
	Journal = {Astronomical Journal},
	Keywords = {Kuiper Belt: general, surveys},
	Month = oct,
	Pages = {131},
	Primaryclass = {astro-ph.EP},
	Title = {{The Canada-France Ecliptic Plane Survey --- Full Data Release: The Orbital Structure of the Kuiper Belt}},
	Volume = 142,
	Year = 2011,
	Bdsk-Url-1 = {http://dx.doi.org/10.1088/0004-6256/142/4/131}}

@article{gladman11,
	Adsnote = {Provided by the SAO/NASA Astrophysics Data System},
	Adsurl = {http://adsabs.harvard.edu/abs/2011MPEC....O...47G},
	Author = {{Gladman}, B. and {Kavelaars}, J. and {Allen}, L. and {Petit}, J.-M. and {Parker}, J.~W. and {Bieryla}, A. and {Williams}, G.~V.},
	Date-Added = {2016-05-09 18:09:17 +0000},
	Date-Modified = {2016-05-09 18:09:17 +0000},
	Journal = {Minor Planet Electronic Circulars},
	Month = jul,
	Pages = {47},
	Title = {{2004 KV18}},
	Year = 2011}

@article{dones99,
	Adsnote = {Provided by the SAO/NASA Astrophysics Data System},
	Adsurl = {http://adsabs.harvard.edu/abs/1999Icar..142..509D},
	Author = {{Dones}, L. and {Gladman}, B. and {Melosh}, H.~J. and {Tonks}, W.~B. and {Levison}, H.~F. and {Duncan}, M.},
	Date-Added = {2016-05-09 18:09:17 +0000},
	Date-Modified = {2016-05-09 18:09:17 +0000},
	Doi = {10.1006/icar.1999.6220},
	Journal = {Icarus},
	Month = dec,
	Pages = {509-524},
	Title = {{Dynamical Lifetimes and Final Fates of Small Bodies: Orbit Integrations vs {\"O}pik Calculations}},
	Volume = 142,
	Year = 1999,
	Bdsk-Url-1 = {http://dx.doi.org/10.1006/icar.1999.6220}}

@article{solontoi12,
	Adsnote = {Provided by the SAO/NASA Astrophysics Data System},
	Adsurl = {http://adsabs.harvard.edu/abs/2012Icar..218..571S},
	Archiveprefix = {arXiv},
	Author = {{Solontoi}, M. and {Ivezi{\'c}}, {\v Z}. and {Juri{\'c}}, M. and {Becker}, A.~C. and {Jones}, L. and {West}, A.~A. and {Kent}, S. and {Lupton}, R.~H. and {Claire}, M. and {Knapp}, G.~R. and {Quinn}, T. and {Gunn}, J.~E. and {Schneider}, D.~P.},
	Date-Added = {2016-05-09 18:09:17 +0000},
	Date-Modified = {2016-05-09 18:09:17 +0000},
	Doi = {10.1016/j.icarus.2011.10.008},
	Eprint = {1202.3999},
	Journal = {\icarus},
	Month = mar,
	Pages = {571-584},
	Primaryclass = {astro-ph.EP},
	Title = {{Ensemble properties of comets in the Sloan Digital Sky Survey}},
	Volume = 218,
	Year = 2012,
	Bdsk-Url-1 = {http://dx.doi.org/10.1016/j.icarus.2011.10.008}}

@article{nesvornydones02,
	Adsnote = {Provided by the SAO/NASA Astrophysics Data System},
	Adsurl = {http://adsabs.harvard.edu/abs/2002Icar..160..271N},
	Author = {{Nesvorn{\'y}}, D. and {Dones}, L.},
	Date-Added = {2016-05-09 18:09:17 +0000},
	Date-Modified = {2016-05-09 18:09:17 +0000},
	Doi = {10.1006/icar.2002.6961},
	Journal = {Icarus},
	Month = dec,
	Pages = {271-288},
	Title = {{How Long-Lived Are the Hypothetical Trojan Populations of Saturn, Uranus, and Neptune?}},
	Volume = 160,
	Year = 2002,
	Bdsk-Url-1 = {http://dx.doi.org/10.1006/icar.2002.6961}}

@article{chiang03,
	Adsnote = {Provided by the SAO/NASA Astrophysics Data System},
	Adsurl = {http://adsabs.harvard.edu/abs/2003AJ....126..430C},
	Author = {{Chiang}, E.~I. and {Jordan}, A.~B. and {Millis}, R.~L. and {Buie}, M.~W. and {Wasserman}, L.~H. and {Elliot}, J.~L. and {Kern}, S.~D. and {Trilling}, D.~E. and {Meech}, K.~J. and {Wagner}, R.~M.},
	Date-Added = {2016-05-09 18:09:17 +0000},
	Date-Modified = {2016-05-09 18:09:17 +0000},
	Doi = {10.1086/375207},
	Eprint = {arXiv:astro-ph/0301458},
	Journal = {Astronomical Journal},
	Keywords = {Celestial Mechanics, Comets: General, Kuiper Belt, Minor Planets, Asteroids},
	Month = jul,
	Pages = {430-443},
	Title = {{Resonance Occupation in the Kuiper Belt: Case Examples of the 5:2 and Trojan Resonances}},
	Volume = 126,
	Year = 2003,
	Bdsk-Url-1 = {http://dx.doi.org/10.1086/375207}}

@article{chianglithwick05,
	Adsnote = {Provided by the SAO/NASA Astrophysics Data System},
	Adsurl = {http://adsabs.harvard.edu/abs/2005ApJ...628..520C},
	Author = {{Chiang}, E.~I. and {Lithwick}, Y.},
	Date-Added = {2016-05-09 18:09:17 +0000},
	Date-Modified = {2016-05-09 18:09:17 +0000},
	Doi = {10.1086/430825},
	Eprint = {arXiv:astro-ph/0502276},
	Journal = {Astrophysical Journal},
	Keywords = {Accretion, Accretion Disks, Celestial Mechanics, Kuiper Belt, Minor Planets, Asteroids, Planets and Satellites: Individual: Neptune, Solar System: Formation},
	Month = jul,
	Pages = {520-532},
	Title = {{Neptune Trojans as a Test Bed for Planet Formation}},
	Volume = 628,
	Year = 2005,
	Bdsk-Url-1 = {http://dx.doi.org/10.1086/430825}}

@article{scholl05,
	Adsnote = {Provided by the SAO/NASA Astrophysics Data System},
	Adsurl = {http://adsabs.harvard.edu/abs/2005Icar..175..397S},
	Author = {{Scholl}, H. and {Marzari}, F. and {Tricarico}, P.},
	Date-Added = {2016-05-09 18:09:17 +0000},
	Date-Modified = {2016-05-09 18:09:17 +0000},
	Doi = {10.1016/j.icarus.2005.01.018},
	Journal = {Icarus},
	Month = jun,
	Pages = {397-408},
	Title = {{Dynamics of Mars Trojans}},
	Volume = 175,
	Year = 2005,
	Bdsk-Url-1 = {http://dx.doi.org/10.1016/j.icarus.2005.01.018}}

@article{tiscarenomalhotra03,
	Adsnote = {Provided by the SAO/NASA Astrophysics Data System},
	Adsurl = {http://adsabs.harvard.edu/abs/2003AJ....126.3122T},
	Author = {{Tiscareno}, M.~S. and {Malhotra}, R.},
	Date-Added = {2016-05-09 18:09:17 +0000},
	Date-Modified = {2016-05-09 18:09:17 +0000},
	Doi = {10.1086/379554},
	Eprint = {arXiv:astro-ph/0211076},
	Journal = {Astronomical Journal},
	Keywords = {Celestial Mechanics, Comets: General, Kuiper Belt},
	Month = dec,
	Pages = {3122-3131},
	Title = {{The Dynamics of Known Centaurs}},
	Volume = 126,
	Year = 2003,
	Bdsk-Url-1 = {http://dx.doi.org/10.1086/379554}}

@article{mikkola04,
	Adsnote = {Provided by the SAO/NASA Astrophysics Data System},
	Adsurl = {http://adsabs.harvard.edu/abs/2004MNRAS.351L..63M},
	Author = {{Mikkola}, S. and {Brasser}, R. and {Wiegert}, P. and {Innanen}, K.},
	Date-Added = {2016-05-09 18:09:17 +0000},
	Date-Modified = {2016-05-09 18:09:17 +0000},
	Doi = {10.1111/j.1365-2966.2004.07994.x},
	Journal = {Monthly Notices of the Royal Astronomical Society},
	Keywords = {celestial mechanics: planets and satellites: individual: Venus: Solar system: general: minor planets, asteroids},
	Month = jul,
	Pages = {L63-L65},
	Title = {{Asteroid 2002 VE68, a quasi-satellite of Venus}},
	Volume = 351,
	Year = 2004,
	Bdsk-Url-1 = {http://dx.doi.org/10.1111/j.1365-2966.2004.07994.x}}

@article{wiegert98,
	Adsnote = {Provided by the SAO/NASA Astrophysics Data System},
	Adsurl = {http://adsabs.harvard.edu/abs/1998AJ....115.2604W},
	Author = {{Wiegert}, P.~A. and {Innanen}, K.~A. and {Mikkola}, S.},
	Date-Added = {2016-05-09 18:09:17 +0000},
	Date-Modified = {2016-05-09 18:09:17 +0000},
	Doi = {10.1086/300358},
	Journal = {Astronomical Journal},
	Keywords = {CELESTIAL MECHANICS, STELLAR DYNAMICS, MINOR PLANETS, ASTEROIDS},
	Month = jun,
	Pages = {2604-2613},
	Title = {{The Orbital Evolution of Near-Earth Asteroid 3753}},
	Volume = 115,
	Year = 1998,
	Bdsk-Url-1 = {http://dx.doi.org/10.1086/300358}}

@article{brasserschwamb15,
	Adsnote = {Provided by the SAO/NASA Astrophysics Data System},
	Adsurl = {http://adsabs.harvard.edu/abs/2015MNRAS.446.3788B},
	Archiveprefix = {arXiv},
	Author = {{Brasser}, R. and {Schwamb}, M.~E.},
	Doi = {10.1093/mnras/stu2374},
	Eprint = {1411.1844},
	Journal = {\mnras},
	Keywords = {Kuiper belt: general, minor planets, asteroids: general, Oort Cloud},
	Month = feb,
	Pages = {3788-3796},
	Primaryclass = {astro-ph.EP},
	Title = {{Re-assessing the formation of the inner Oort cloud in an embedded star cluster - II. Probing the inner edge}},
	Volume = 446,
	Year = 2015,
	Bdsk-Url-1 = {http://dx.doi.org/10.1093/mnras/stu2374}}

@article{gladmanetal02,
	Adsnote = {Provided by the SAO/NASA Astrophysics Data System},
	Adsurl = {http://adsabs.harvard.edu/abs/2002Icar..157..269G},
	Author = {{Gladman}, B. and {Holman}, M. and {Grav}, T. and {Kavelaars}, J. and {Nicholson}, P. and {Aksnes}, K. and {Petit}, J.-M.},
	Doi = {10.1006/icar.2002.6860},
	Eprint = {astro-ph/0103435},
	Journal = {\icarus},
	Month = jun,
	Pages = {269-279},
	Title = {{Evidence for an Extended Scattered Disk}},
	Volume = 157,
	Year = 2002,
	Bdsk-Url-1 = {http://dx.doi.org/10.1006/icar.2002.6860}}

@article{kenyonbromley04,
	Adsnote = {Provided by the SAO/NASA Astrophysics Data System},
	Adsurl = {http://adsabs.harvard.edu/abs/2004Natur.432..598K},
	Author = {{Kenyon}, S.~J. and {Bromley}, B.~C.},
	Doi = {10.1038/nature03136},
	Eprint = {astro-ph/0412030},
	Journal = {\nat},
	Month = dec,
	Pages = {598-602},
	Title = {{Stellar encounters as the origin of distant Solar System objects in highly eccentric orbits}},
	Volume = 432,
	Year = 2004,
	Bdsk-Url-1 = {http://dx.doi.org/10.1038/nature03136}}

@article{karlsson04,
	Adsnote = {Provided by the SAO/NASA Astrophysics Data System},
	Adsurl = {http://adsabs.harvard.edu/abs/2004A%26A...413.1153K},
	Author = {{Karlsson}, O.},
	Date-Added = {2016-05-09 18:09:17 +0000},
	Date-Modified = {2016-05-09 18:09:17 +0000},
	Doi = {10.1051/0004-6361:20031543},
	Journal = {Astronomy and Astrophysics},
	Keywords = {comets: general, minor planets, asteroids},
	Month = jan,
	Pages = {1153-1161},
	Title = {{Transitional and temporary objects in the Jupiter Trojan area}},
	Volume = 413,
	Year = 2004,
	Bdsk-Url-1 = {http://dx.doi.org/10.1051/0004-6361:20031543}}

@article{christou07,
	Adsnote = {Provided by the SAO/NASA Astrophysics Data System},
	Adsurl = {http://adsabs.harvard.edu/abs/2007Icar..192..106C},
	Author = {{Christou}, A.~A. and {Namouni}, F. and {Morais}, M.~H.~M.},
	Date-Added = {2016-05-09 18:09:17 +0000},
	Date-Modified = {2016-05-09 18:09:17 +0000},
	Doi = {10.1016/j.icarus.2007.06.012},
	Journal = {Icarus},
	Month = dec,
	Pages = {106-116},
	Title = {{The long term stability of coorbital moons of the satellites of Saturn. I. Conservative case}},
	Volume = 192,
	Year = 2007,
	Bdsk-Url-1 = {http://dx.doi.org/10.1016/j.icarus.2007.06.012}}

@article{levison97,
	Adsnote = {Provided by the SAO/NASA Astrophysics Data System},
	Adsurl = {http://adsabs.harvard.edu/abs/1997Natur.385...42L},
	Author = {{Levison}, H.~F. and {Shoemaker}, E.~M. and {Shoemaker}, C.~S.},
	Date-Added = {2016-05-09 18:09:17 +0000},
	Date-Modified = {2016-05-09 18:09:17 +0000},
	Doi = {10.1038/385042a0},
	Journal = {Nature},
	Month = jan,
	Pages = {42-44},
	Title = {{Dynamical evolution of Jupiter's Trojan asteroids}},
	Volume = 385,
	Year = 1997,
	Bdsk-Url-1 = {http://dx.doi.org/10.1038/385042a0}}

@article{gladman12,
	Adsnote = {Provided by the SAO/NASA Astrophysics Data System},
	Adsurl = {http://adsabs.harvard.edu/abs/2012AJ....144...23G},
	Archiveprefix = {arXiv},
	Author = {{Gladman}, B. and {Lawler}, S.~M. and {Petit}, J.-M. and {Kavelaars}, J. and {Jones}, R.~L. and {Parker}, J.~W. and {Van Laerhoven}, C. and {Nicholson}, P. and {Rousselot}, P. and {Bieryla}, A. and {Ashby}, M.~L.~N.},
	Date-Added = {2016-05-09 18:09:17 +0000},
	Date-Modified = {2016-05-09 18:09:17 +0000},
	Doi = {10.1088/0004-6256/144/1/23},
	Eid = {23},
	Eprint = {1205.7065},
	Journal = {Astronomical Journal},
	Keywords = {celestial mechanics, Kuiper Belt: general},
	Month = jul,
	Pages = {23},
	Primaryclass = {astro-ph.EP},
	Title = {{The Resonant Trans-Neptunian Populations}},
	Volume = 144,
	Year = 2012,
	Bdsk-Url-1 = {http://dx.doi.org/10.1088/0004-6256/144/1/23}}

@article{levisonduncan94,
	Adsnote = {Provided by the SAO/NASA Astrophysics Data System},
	Adsurl = {http://adsabs.harvard.edu/abs/1994Icar..108...18L},
	Author = {{Levison}, H.~F. and {Duncan}, M.~J.},
	Date-Added = {2016-05-09 18:09:17 +0000},
	Date-Modified = {2016-05-09 18:09:17 +0000},
	Doi = {10.1006/icar.1994.1039},
	Journal = {Icarus},
	Keywords = {APPLICATIONS PROGRAMS (COMPUTERS), ASTRONOMICAL MODELS, COMETS, EVOLUTION (DEVELOPMENT), INTERPLANETARY MEDIUM, ORBIT CALCULATION, ORBITAL ELEMENTS, SOLAR SYSTEM, EQUATIONS OF MOTION, HAMILTONIAN FUNCTIONS, OORT CLOUD},
	Month = mar,
	Pages = {18-36},
	Title = {{The long-term dynamical behavior of short-period comets}},
	Volume = 108,
	Year = 1994,
	Bdsk-Url-1 = {http://dx.doi.org/10.1006/icar.1994.1039}}

@article{guan12,
	Adsnote = {Provided by the SAO/NASA Astrophysics Data System},
	Adsurl = {http://adsabs.harvard.edu/abs/2012RAA....12.1549G},
	Archiveprefix = {arXiv},
	Author = {{Guan}, P. and {Zhou}, L.-Y. and {Li}, J.},
	Date-Added = {2016-05-09 18:09:17 +0000},
	Date-Modified = {2016-05-09 18:09:17 +0000},
	Doi = {10.1088/1674-4527/12/11/009},
	Eprint = {1205.2206},
	Journal = {Research in Astronomy and Astrophysics},
	Month = nov,
	Pages = {1549-1562},
	Primaryclass = {astro-ph.EP},
	Title = {{Trailing (L5) Neptune Trojans: 2004 KV18 and 2008 LC18}},
	Volume = 12,
	Year = 2012,
	Bdsk-Url-1 = {http://dx.doi.org/10.1088/1674-4527/12/11/009}}

@article{levisonduncan97,
	Adsnote = {Provided by the SAO/NASA Astrophysics Data System},
	Adsurl = {http://adsabs.harvard.edu/abs/1997Icar..127...13L},
	Author = {{Levison}, H.~F. and {Duncan}, M.~J.},
	Date-Added = {2016-05-09 18:09:17 +0000},
	Date-Modified = {2016-05-09 18:09:17 +0000},
	Doi = {10.1006/icar.1996.5637},
	Journal = {Icarus},
	Month = may,
	Pages = {13-32},
	Title = {{From the Kuiper Belt to Jupiter-Family Comets: The Spatial Distribution of Ecliptic Comets}},
	Volume = 127,
	Year = 1997,
	Bdsk-Url-1 = {http://dx.doi.org/10.1006/icar.1996.5637}}

@article{volkmalhotra08,
	Adsnote = {Provided by the SAO/NASA Astrophysics Data System},
	Adsurl = {http://adsabs.harvard.edu/abs/2008ApJ...687..714V},
	Archiveprefix = {arXiv},
	Author = {{Volk}, K. and {Malhotra}, R.},
	Date-Added = {2016-05-09 18:09:17 +0000},
	Date-Modified = {2016-05-09 18:09:17 +0000},
	Doi = {10.1086/591839},
	Eprint = {0802.3913},
	Journal = {Astrophysical Journal},
	Keywords = {Comets: General, Kuiper Belt},
	Month = nov,
	Pages = {714-725},
	Title = {{The Scattered Disk as the Source of the Jupiter Family Comets}},
	Volume = 687,
	Year = 2008,
	Bdsk-Url-1 = {http://dx.doi.org/10.1086/591839}}

@article{connors02,
	Adsnote = {Provided by the SAO/NASA Astrophysics Data System},
	Adsurl = {http://adsabs.harvard.edu/abs/2002M%26PS...37.1435C},
	Author = {{Connors}, M. and {Chodas}, P. and {Mikkola}, S. and {Wiegert}, P. and {Veillet}, C. and {Innanen}, K.},
	Date-Added = {2016-05-09 18:09:17 +0000},
	Date-Modified = {2016-05-09 18:09:17 +0000},
	Doi = {10.1111/j.1945-5100.2002.tb01039.x},
	Journal = {Meteoritics and Planetary Science},
	Month = oct,
	Pages = {1435-1441},
	Title = {{Discovery of an asteroid and quasi-satellite in an Earth-like horseshoe orbit}},
	Volume = 37,
	Year = 2002,
	Bdsk-Url-1 = {http://dx.doi.org/10.1111/j.1945-5100.2002.tb01039.x}}

@article{connors04,
	Adsnote = {Provided by the SAO/NASA Astrophysics Data System},
	Adsurl = {http://adsabs.harvard.edu/abs/2004M%26PS...39.1251C},
	Author = {{Connors}, M. and {Veillet}, C. and {Brasser}, R. and {Wiegert}, P. and {Chodas}, P. and {Mikkola}, S. and {Innanen}, K.},
	Date-Added = {2016-05-09 18:09:17 +0000},
	Date-Modified = {2016-05-09 18:09:17 +0000},
	Doi = {10.1111/j.1945-5100.2004.tb00944.x},
	Journal = {Meteoritics and Planetary Science},
	Month = aug,
	Pages = {1251-1255},
	Title = {{Discovery of Earth's quasi-satellite}},
	Volume = 39,
	Year = 2004,
	Bdsk-Url-1 = {http://dx.doi.org/10.1111/j.1945-5100.2004.tb00944.x}}

@article{brasser04,
	Adsnote = {Provided by the SAO/NASA Astrophysics Data System},
	Adsurl = {http://adsabs.harvard.edu/abs/2004MNRAS.347..833B},
	Author = {{Brasser}, R. and {Mikkola}, S. and {Huang}, T.-Y. and {Wiegert}, P. and {Innanen}, K.},
	Date-Added = {2016-05-09 18:09:17 +0000},
	Date-Modified = {2016-05-09 18:09:17 +0000},
	Doi = {10.1111/j.1365-2966.2004.07300.x},
	Journal = {Monthly Notices of the Royal Astronomical Society},
	Keywords = {celestial mechanics, minor planets, asteroids, Solar system: general},
	Month = jan,
	Pages = {833-836},
	Title = {{Long-term evolution of the Neptune Trojan 2001 QR322}},
	Volume = 347,
	Year = 2004,
	Bdsk-Url-1 = {http://dx.doi.org/10.1111/j.1365-2966.2004.07300.x}}

@article{moraismorbidelli06,
	Adsnote = {Provided by the SAO/NASA Astrophysics Data System},
	Adsurl = {http://adsabs.harvard.edu/abs/2006Icar..185...29M},
	Author = {{Morais}, M.~H.~M. and {Morbidelli}, A.},
	Date-Added = {2016-05-09 18:09:17 +0000},
	Date-Modified = {2016-05-09 18:09:17 +0000},
	Doi = {10.1016/j.icarus.2006.06.009},
	Journal = {Icarus},
	Month = nov,
	Pages = {29-38},
	Title = {{The population of Near Earth Asteroids in coorbital motion with Venus}},
	Volume = 185,
	Year = 2006,
	Bdsk-Url-1 = {http://dx.doi.org/10.1016/j.icarus.2006.06.009}}

@article{bottke00,
	Adsnote = {Provided by the SAO/NASA Astrophysics Data System},
	Adsurl = {http://adsabs.harvard.edu/abs/2000Sci...288.2190B},
	Author = {{Bottke}, W.~F. and {Jedicke}, R. and {Morbidelli}, A. and {Petit}, J.-M. and {Gladman}, B.},
	Date-Added = {2016-05-09 18:09:17 +0000},
	Date-Modified = {2016-05-09 18:09:17 +0000},
	Doi = {10.1126/science.288.5474.2190},
	Journal = {Science},
	Month = jun,
	Pages = {2190-2194},
	Title = {{Understanding the Distribution of Near-Earth Asteroids}},
	Volume = 288,
	Year = 2000,
	Bdsk-Url-1 = {http://dx.doi.org/10.1126/science.288.5474.2190}}

@article{mikkola06,
	Adsnote = {Provided by the SAO/NASA Astrophysics Data System},
	Adsurl = {http://adsabs.harvard.edu/abs/2006MNRAS.369...15M},
	Author = {{Mikkola}, S. and {Innanen}, K. and {Wiegert}, P. and {Connors}, M. and {Brasser}, R.},
	Date-Added = {2016-05-09 18:09:17 +0000},
	Date-Modified = {2016-05-09 18:09:17 +0000},
	Doi = {10.1111/j.1365-2966.2006.10306.x},
	Journal = {Monthly Notices of the Royal Astronomical Society},
	Keywords = {celestial mechanics: minor planets, asteroids: planets and satellites: individual: Earth: Solar system: general, celestial mechanics, minor planets, asteroids, planets and satellites: individual: Earth, Solar system: general},
	Month = jun,
	Pages = {15-24},
	Title = {{Stability limits for the quasi-satellite orbit}},
	Volume = 369,
	Year = 2006,
	Bdsk-Url-1 = {http://dx.doi.org/10.1111/j.1365-2966.2006.10306.x}}

@article{namouni99b,
	Adsnote = {Provided by the SAO/NASA Astrophysics Data System},
	Adsurl = {http://adsabs.harvard.edu/abs/1999PhRvL..83.2506N},
	Author = {{Namouni}, F. and {Christou}, A.~A. and {Murray}, C.~D.},
	Date-Added = {2016-05-09 18:09:17 +0000},
	Date-Modified = {2016-05-09 18:09:17 +0000},
	Doi = {10.1103/PhysRevLett.83.2506},
	Journal = {Physical Review Letters},
	Month = sep,
	Pages = {2506-2509},
	Title = {{Coorbital Dynamics at Large Eccentricity and Inclination}},
	Volume = 83,
	Year = 1999,
	Bdsk-Url-1 = {http://dx.doi.org/10.1103/PhysRevLett.83.2506}}

@article{namouni99a,
	Adsnote = {Provided by the SAO/NASA Astrophysics Data System},
	Adsurl = {http://adsabs.harvard.edu/abs/1999Icar..137..293N},
	Author = {{Namouni}, F.},
	Date-Added = {2016-05-09 18:09:17 +0000},
	Date-Modified = {2016-05-09 18:09:17 +0000},
	Doi = {10.1006/icar.1998.6032},
	Journal = {Icarus},
	Month = feb,
	Pages = {293-314},
	Title = {{Secular Interactions of Coorbiting Objects}},
	Volume = 137,
	Year = 1999,
	Bdsk-Url-1 = {http://dx.doi.org/10.1006/icar.1998.6032}}

@article{sompy18,
	Title = {{SOMPY: A Python Library for Self Organizing Map (SOM)}},
	Year = 2018,
	Author = {{Moosavi}, V. and  {Packman}, S. and {Vall\acute{e}}, S}
	}

@article{kortenkampjoseph11,
	Adsnote = {Provided by the SAO/NASA Astrophysics Data System},
	Adsurl = {http://adsabs.harvard.edu/abs/2011Icar..215..669K},
	Archiveprefix = {arXiv},
	Author = {{Kortenkamp}, S.~J. and {Joseph}, E.~C.~S.},
	Date-Added = {2016-05-09 18:09:17 +0000},
	Date-Modified = {2016-05-09 18:09:17 +0000},
	Doi = {10.1016/j.icarus.2011.07.019},
	Eprint = {1102.2211},
	Journal = {Icarus},
	Month = oct,
	Pages = {669-681},
	Primaryclass = {astro-ph.EP},
	Title = {{Transformation of Trojans into quasi-satellites during planetary migration and their subsequent close-encounters with the host planet}},
	Volume = 215,
	Year = 2011,
	Bdsk-Url-1 = {http://dx.doi.org/10.1016/j.icarus.2011.07.019}}

@article{kortenkamp04,
	Adsnote = {Provided by the SAO/NASA Astrophysics Data System},
	Adsurl = {http://adsabs.harvard.edu/abs/2004Icar..167..347K},
	Author = {{Kortenkamp}, S.~J. and {Malhotra}, R. and {Michtchenko}, T.},
	Date-Added = {2016-05-09 18:09:17 +0000},
	Date-Modified = {2016-05-09 18:09:17 +0000},
	Doi = {10.1016/j.icarus.2003.09.021},
	Eprint = {arXiv:astro-ph/0305572},
	Journal = {Icarus},
	Keywords = {Jovian planets, Neptune, Planetary dynamics, Resonances, Trans-neptunian objects},
	Month = feb,
	Pages = {347-359},
	Title = {{Survival of Trojan-type companions of Neptune during primordial planet migration}},
	Volume = 167,
	Year = 2004,
	Bdsk-Url-1 = {http://dx.doi.org/10.1016/j.icarus.2003.09.021}}

@article{christou00,
	Adsnote = {Provided by the SAO/NASA Astrophysics Data System},
	Adsurl = {http://adsabs.harvard.edu/abs/2000Icar..144....1C},
	Author = {{Christou}, A.~A.},
	Date-Added = {2016-05-09 18:09:17 +0000},
	Date-Modified = {2016-05-09 18:09:17 +0000},
	Doi = {10.1006/icar.1999.6278},
	Journal = {Icarus},
	Month = mar,
	Pages = {1-20},
	Title = {{A Numerical Survey of Transient Co-orbitals of the Terrestrial Planets}},
	Volume = 144,
	Year = 2000,
	Bdsk-Url-1 = {http://dx.doi.org/10.1006/icar.1999.6278}}

@article{dvorak12,
	Adsnote = {Provided by the SAO/NASA Astrophysics Data System},
	Adsurl = {http://adsabs.harvard.edu/abs/2012A%26A...541A.127D},
	Archiveprefix = {arXiv},
	Author = {{Dvorak}, R. and {Lhotka}, C. and {Zhou}, L.},
	Date-Added = {2016-05-09 18:09:17 +0000},
	Date-Modified = {2016-05-09 18:09:17 +0000},
	Doi = {10.1051/0004-6361/201118374},
	Eid = {A127},
	Eprint = {1202.1086},
	Journal = {Astronomy and Astrophysics},
	Keywords = {celestial mechanics, chaos, minor planets, asteroids: individual: 2010 TK7, methods: analytical, methods: numerical},
	Month = may,
	Pages = {A127},
	Primaryclass = {astro-ph.EP},
	Title = {{The orbit of 2010 TK7: possible regions of stability for other Earth Trojan asteroids}},
	Volume = 541,
	Year = 2012,
	Bdsk-Url-1 = {http://dx.doi.org/10.1051/0004-6361/201118374}}

@article{christouasher11,
	Adsnote = {Provided by the SAO/NASA Astrophysics Data System},
	Adsurl = {http://adsabs.harvard.edu/abs/2011MNRAS.414.2965C},
	Archiveprefix = {arXiv},
	Author = {{Christou}, A.~A. and {Asher}, D.~J.},
	Date-Added = {2016-05-09 18:09:17 +0000},
	Date-Modified = {2016-05-09 18:09:17 +0000},
	Doi = {10.1111/j.1365-2966.2011.18595.x},
	Eprint = {1104.0036},
	Journal = {Monthly Notices of the Royal Astronomical Society},
	Keywords = {methods: analytical, methods: numerical, celestial mechanics, Earth, minor planets, asteroids: general, minor planets, asteroids: individual: 2010 SO16},
	Month = jul,
	Pages = {2965-2969},
	Primaryclass = {astro-ph.EP},
	Title = {{A long-lived horseshoe companion to the Earth}},
	Volume = 414,
	Year = 2011,
	Bdsk-Url-1 = {http://dx.doi.org/10.1111/j.1365-2966.2011.18595.x}}

@article{dlfmdlfm13b,
	Adsnote = {Provided by the SAO/NASA Astrophysics Data System},
	Adsurl = {http://adsabs.harvard.edu/abs/2013MNRAS.432L..31D},
	Archiveprefix = {arXiv},
	Author = {{de la Fuente Marcos}, C. and {de la Fuente Marcos}, R.},
	Date-Added = {2016-05-09 18:09:17 +0000},
	Date-Modified = {2016-05-09 18:09:17 +0000},
	Doi = {10.1093/mnrasl/slt028},
	Eprint = {1303.0124},
	Journal = {Monthly Notices of the Royal Astronomical Society},
	Keywords = {celestial mechanics, minor planets, asteroids: individual: 2011 SC$_{191}$, minor planets, asteroids: individual: 2011 SL$_{25}$, minor planets, asteroids: individual: 2011 UN$_{63}$, planets and satellites: individual: Mars},
	Month = may,
	Pages = {L31},
	Primaryclass = {astro-ph.EP},
	Title = {{Three new stable L$_{5}$ Mars Trojans}},
	Volume = 432,
	Year = 2013,
	Bdsk-Url-1 = {http://dx.doi.org/10.1093/mnrasl/slt028}}

@article{connors11,
	Adsnote = {Provided by the SAO/NASA Astrophysics Data System},
	Adsurl = {http://adsabs.harvard.edu/abs/2011Natur.475..481C},
	Author = {{Connors}, M. and {Wiegert}, P. and {Veillet}, C.},
	Date-Added = {2016-05-09 18:09:17 +0000},
	Date-Modified = {2016-05-09 18:09:17 +0000},
	Doi = {10.1038/nature10233},
	Journal = {Nature},
	Month = jul,
	Pages = {481-483},
	Title = {{Earth's Trojan asteroid}},
	Volume = 475,
	Year = 2011,
	Bdsk-Url-1 = {http://dx.doi.org/10.1038/nature10233}}

@book{murraydermott99,
	Adsnote = {Provided by the SAO/NASA Astrophysics Data System},
	Adsurl = {http://adsabs.harvard.edu/abs/1999ssd..book.....M},
	Author = {{Murray}, C.~D. and {Dermott}, S.~F.},
	Booktitle = {Solar system dynamics by Murray, C.~D., 1999},
	Date-Added = {2016-05-09 18:09:17 +0000},
	Date-Modified = {2016-05-09 18:09:17 +0000},
	Pages = {63-129},
	Publisher = {Cambridge University Press},
	Title = {{Solar system dynamics}},
	Year = 1999}

@article{kenyonluu98,
	Adsnote = {Provided by the SAO/NASA Astrophysics Data System},
	Adsurl = {http://adsabs.harvard.edu/abs/1998AJ....115.2136K},
	Author = {{Kenyon}, S.~J. and {Luu}, J.~X.},
	Date-Added = {2016-05-09 18:09:17 +0000},
	Date-Modified = {2016-05-09 18:09:17 +0000},
	Doi = {10.1086/300331},
	Eprint = {astro-ph/9804185},
	Journal = {\aj},
	Keywords = {KUIPER BELT OBJECTS},
	Month = may,
	Pages = {2136-2160},
	Title = {{Accretion in the Early Kuiper Belt. I. Coagulation and Velocity Evolution}},
	Volume = 115,
	Year = 1998,
	Bdsk-Url-1 = {http://dx.doi.org/10.1086/300331}}

@article{brown01,
	Adsnote = {Provided by the SAO/NASA Astrophysics Data System},
	Adsurl = {http://adsabs.harvard.edu/abs/2001AJ....121.2804B},
	Author = {{Brown}, M.~E.},
	Date-Added = {2016-05-09 18:09:17 +0000},
	Date-Modified = {2016-05-09 18:09:17 +0000},
	Doi = {10.1086/320391},
	Journal = {\aj},
	Keywords = {Kuiper Belt, Solar System: Formation},
	Month = may,
	Pages = {2804-2814},
	Title = {{The Inclination Distribution of the Kuiper Belt}},
	Volume = 121,
	Year = 2001,
	Bdsk-Url-1 = {http://dx.doi.org/10.1086/320391}}

@article{brownetal04,
	Adsnote = {Provided by the SAO/NASA Astrophysics Data System},
	Adsurl = {http://adsabs.harvard.edu/abs/2004ApJ...617..645B},
	Author = {{Brown}, M.~E. and {Trujillo}, C. and {Rabinowitz}, D.},
	Doi = {10.1086/422095},
	Eprint = {astro-ph/0404456},
	Journal = {\apj},
	Keywords = {Kuiper Belt, Oort Cloud, Stars: Planetary Systems: Formation, Solar System: Formation},
	Month = dec,
	Pages = {645-649},
	Title = {{Discovery of a Candidate Inner Oort Cloud Planetoid}},
	Volume = 617,
	Year = 2004,
	Bdsk-Url-1 = {http://dx.doi.org/10.1086/422095}}

@article{bernstein04,
	Adsnote = {Provided by the SAO/NASA Astrophysics Data System},
	Adsurl = {http://adsabs.harvard.edu/abs/2004AJ....128.1364B},
	Author = {{Bernstein}, G.~M. and {Trilling}, D.~E. and {Allen}, R.~L. and {Brown}, M.~E. and {Holman}, M. and {Malhotra}, R.},
	Date-Added = {2016-05-09 18:09:17 +0000},
	Date-Modified = {2016-05-09 18:09:17 +0000},
	Doi = {10.1086/422919},
	Eprint = {astro-ph/0308467},
	Journal = {\aj},
	Keywords = {Kuiper Belt, Solar System: Formation},
	Month = sep,
	Pages = {1364-1390},
	Title = {{The Size Distribution of Trans-Neptunian Bodies}},
	Volume = 128,
	Year = 2004,
	Bdsk-Url-1 = {http://dx.doi.org/10.1086/422919}}

@article{adams14,
	Adsnote = {Provided by the SAO/NASA Astrophysics Data System},
	Adsurl = {http://adsabs.harvard.edu/abs/2014AJ....148...55A},
	Archiveprefix = {arXiv},
	Author = {{Adams}, E.~R. and {Gulbis}, A.~A.~S. and {Elliot}, J.~L. and {Benecchi}, S.~D. and {Buie}, M.~W. and {Trilling}, D.~E. and {Wasserman}, L.~H.},
	Date-Added = {2016-05-09 18:09:17 +0000},
	Date-Modified = {2016-05-09 18:09:17 +0000},
	Doi = {10.1088/0004-6256/148/3/55},
	Eid = {55},
	Eprint = {1311.3250},
	Journal = {\aj},
	Keywords = {Kuiper belt: general, methods: data analysis, planets and satellites: formation, planets and satellites: general, surveys},
	Month = sep,
	Pages = {55},
	Primaryclass = {astro-ph.EP},
	Title = {{De-biased Populations of Kuiper Belt Objects from the Deep Ecliptic Survey}},
	Volume = 148,
	Year = 2014,
	Bdsk-Url-1 = {http://dx.doi.org/10.1088/0004-6256/148/3/55}}

@inbook{petit08,
	Adsnote = {Provided by the SAO/NASA Astrophysics Data System},
	Adsurl = {http://adsabs.harvard.edu/abs/2008ssbn.book...71P},
	Author = {{Petit}, J.-M. and {Kavelaars}, J.~J. and {Gladman}, B. and {Loredo}, T.},
	Booktitle = {The Solar System Beyond Neptune},
	Date-Added = {2016-05-09 18:09:17 +0000},
	Date-Modified = {2016-05-09 18:09:17 +0000},
	Pages = {71-87},
	Publisher = {The University of Arizona Press},
	Title = {{Size Distribution of Multikilometer Transneptunian Objects}},
	Year = 2008}

@inbook{stansberry08,
	Adsnote = {Provided by the SAO/NASA Astrophysics Data System},
	Adsurl = {http://adsabs.harvard.edu/abs/2008ssbn.book..161S},
	Author = {{Stansberry}, J. and {Grundy}, W. and {Brown}, M. and {Cruikshank}, D. and {Spencer}, J. and {Trilling}, D. and {Margot}, J.-L.},
	Booktitle = {The Solar System Beyond Neptune},
	Date-Added = {2016-05-09 18:09:17 +0000},
	Date-Modified = {2016-05-09 18:09:17 +0000},
	Pages = {161-179},
	Publisher = {The University of Arizona Press},
	Title = {{Physical Properties of Kuiper Belt and Centaur Objects: Constraints from the Spitzer Space Telescope}},
	Year = 2008}

@inbook{kavelaars08,
	Adsnote = {Provided by the SAO/NASA Astrophysics Data System},
	Adsurl = {http://adsabs.harvard.edu/abs/2008ssbn.book...59K},
	Author = {{Kavelaars}, J. and {Jones}, L. and {Gladman}, B. and {Parker}, J.~W. and {Petit}, J.-M.},
	Booktitle = {The Solar System Beyond Neptune},
	Date-Added = {2016-05-09 18:09:17 +0000},
	Date-Modified = {2016-05-09 18:09:17 +0000},
	Pages = {59-69},
	Publisher = {The University of Arizona Press},
	Title = {{The Orbital and Spatial Distribution of the Kuiper Belt}},
	Year = 2008}

@article{fuentesholman08,
	Adsnote = {Provided by the SAO/NASA Astrophysics Data System},
	Adsurl = {http://adsabs.harvard.edu/abs/2008AJ....136...83F},
	Author = {{Fuentes}, C.~I. and {Holman}, M.~J.},
	Date-Added = {2016-05-09 18:09:17 +0000},
	Date-Modified = {2016-05-09 18:09:17 +0000},
	Doi = {10.1088/0004-6256/136/1/83},
	Journal = {\aj},
	Keywords = {Kuiper Belt, solar system: formation},
	Month = jul,
	Pages = {83-97},
	Title = {{a SUBARU Archival Search for Faint Trans-Neptunian Objects}},
	Volume = 136,
	Year = 2008,
	Bdsk-Url-1 = {http://dx.doi.org/10.1088/0004-6256/136/1/83}}

@article{gladman09c,
	Adsnote = {Provided by the SAO/NASA Astrophysics Data System},
	Adsurl = {http://adsabs.harvard.edu/abs/2009Icar..202..104G},
	Author = {{Gladman}, B.~J. and {Davis}, D.~R. and {Neese}, C. and {Jedicke}, R. and {Williams}, G. and {Kavelaars}, J.~J. and {Petit}, J.-M. and {Scholl}, H. and {Holman}, M. and {Warrington}, B. and {Esquerdo}, G. and {Tricarico}, P.},
	Date-Added = {2016-05-09 18:09:17 +0000},
	Date-Modified = {2016-05-09 18:09:17 +0000},
	Doi = {10.1016/j.icarus.2009.02.012},
	Journal = {\icarus},
	Month = jul,
	Pages = {104-118},
	Title = {{On the asteroid belt's orbital and size distribution}},
	Volume = 202,
	Year = {2009c},
	Bdsk-Url-1 = {http://dx.doi.org/10.1016/j.icarus.2009.02.012}}

@article{petit04,
	Adsnote = {Provided by the SAO/NASA Astrophysics Data System},
	Adsurl = {http://adsabs.harvard.edu/abs/2004MNRAS.347..471P},
	Author = {{Petit}, J.-M. and {Holman}, M. and {Scholl}, H. and {Kavelaars}, J. and {Gladman}, B.},
	Date-Added = {2016-05-09 18:09:17 +0000},
	Date-Modified = {2016-05-09 18:09:17 +0000},
	Doi = {10.1111/j.1365-2966.2004.07217.x},
	Journal = {\mnras},
	Keywords = {methods: data analysis, Kuiper Belt, Solar system: general},
	Month = jan,
	Pages = {471-480},
	Title = {{A highly automated moving object detection package}},
	Volume = 347,
	Year = 2004,
	Bdsk-Url-1 = {http://dx.doi.org/10.1111/j.1365-2966.2004.07217.x}}

@article{fraserkavelaars09,
	Adsnote = {Provided by the SAO/NASA Astrophysics Data System},
	Adsurl = {http://adsabs.harvard.edu/abs/2009AJ....137...72F},
	Archiveprefix = {arXiv},
	Author = {{Fraser}, W.~C. and {Kavelaars}, J.~J.},
	Date-Added = {2016-05-09 18:09:17 +0000},
	Date-Modified = {2016-05-09 18:09:17 +0000},
	Doi = {10.1088/0004-6256/137/1/72},
	Eprint = {0810.2296},
	Journal = {\aj},
	Keywords = {Kuiper Belt},
	Month = jan,
	Pages = {72-82},
	Title = {{The Size Distribution of Kuiper Belt Objects for D gsim 10 km}},
	Volume = 137,
	Year = 2009,
	Bdsk-Url-1 = {http://dx.doi.org/10.1088/0004-6256/137/1/72}}

@article{fraser09,
	Adsnote = {Provided by the SAO/NASA Astrophysics Data System},
	Adsurl = {http://adsabs.harvard.edu/abs/2009ApJ...706..119F},
	Archiveprefix = {arXiv},
	Author = {{Fraser}, W.~C.},
	Date-Added = {2016-05-09 18:09:17 +0000},
	Date-Modified = {2016-05-09 18:09:17 +0000},
	Doi = {10.1088/0004-637X/706/1/119},
	Eprint = {0910.0246},
	Journal = {\apj},
	Keywords = {Kuiper Belt, minor planets, asteroids},
	Month = nov,
	Pages = {119-129},
	Primaryclass = {astro-ph.EP},
	Title = {{The Collisional Divot in the Kuiper Belt Size Distribution}},
	Volume = 706,
	Year = 2009,
	Bdsk-Url-1 = {http://dx.doi.org/10.1088/0004-637X/706/1/119}}

@article{fraser14,
	Adsnote = {Provided by the SAO/NASA Astrophysics Data System},
	Adsurl = {http://adsabs.harvard.edu/abs/2014ApJ...782..100F},
	Archiveprefix = {arXiv},
	Author = {{Fraser}, W.~C. and {Brown}, M.~E. and {Morbidelli}, A. and {Parker}, A. and {Batygin}, K.},
	Date-Added = {2016-05-09 18:09:17 +0000},
	Date-Modified = {2016-05-09 18:09:17 +0000},
	Doi = {10.1088/0004-637X/782/2/100},
	Eid = {100},
	Eprint = {1401.2157},
	Journal = {\apj},
	Keywords = {Kuiper belt: general, minor planets, asteroids: general},
	Month = feb,
	Pages = {100},
	Primaryclass = {astro-ph.EP},
	Title = {{The Absolute Magnitude Distribution of Kuiper Belt Objects}},
	Volume = 782,
	Year = 2014,
	Bdsk-Url-1 = {http://dx.doi.org/10.1088/0004-637X/782/2/100}}

@mastersthesis{shankman12,
	Author = {{Shankman}, C.},
	Date-Added = {2016-05-09 18:09:17 +0000},
	Date-Modified = {2016-05-09 18:09:17 +0000},
	Month = aug,
	School = {University of British Columbia},
	Title = {{Detection of a divot in the size distribution of the Kuiper Belt's scattering objects}},
	Url = {https://circle.ubc.ca/handle/2429/43043},
	Year = 2012,
	Bdsk-Url-1 = {https://circle.ubc.ca/handle/2429/43043}}

@article{morbidelli09,
	Adsnote = {Provided by the SAO/NASA Astrophysics Data System},
	Adsurl = {http://adsabs.harvard.edu/abs/2009Icar..204..558M},
	Archiveprefix = {arXiv},
	Author = {{Morbidelli}, A. and {Bottke}, W.~F. and {Nesvorn{\'y}}, D. and {Levison}, H.~F.},
	Date-Added = {2016-05-09 18:09:17 +0000},
	Date-Modified = {2016-05-09 18:09:17 +0000},
	Doi = {10.1016/j.icarus.2009.07.011},
	Eprint = {0907.2512},
	Journal = {\icarus},
	Month = dec,
	Pages = {558-573},
	Primaryclass = {astro-ph.EP},
	Title = {{Asteroids were born big}},
	Volume = 204,
	Year = 2009,
	Bdsk-Url-1 = {http://dx.doi.org/10.1016/j.icarus.2009.07.011}}

@article{skrutskie06,
	Adsnote = {Provided by the SAO/NASA Astrophysics Data System},
	Adsurl = {http://adsabs.harvard.edu/abs/2006AJ....131.1163S},
	Author = {{Skrutskie}, M.~F. and {Cutri}, R.~M. and {Stiening}, R. and {Weinberg}, M.~D. and {Schneider}, S. and {Carpenter}, J.~M. and {Beichman}, C. and {Capps}, R. and {Chester}, T. and {Elias}, J. and {Huchra}, J. and {Liebert}, J. and {Lonsdale}, C. and {Monet}, D.~G. and {Price}, S. and {Seitzer}, P. and {Jarrett}, T. and {Kirkpatrick}, J.~D. and {Gizis}, J.~E. and {Howard}, E. and {Evans}, T. and {Fowler}, J. and {Fullmer}, L. and {Hurt}, R. and {Light}, R. and {Kopan}, E.~L. and {Marsh}, K.~A. and {McCallon}, H.~L. and {Tam}, R. and {Van Dyk}, S. and {Wheelock}, S.},
	Date-Added = {2016-05-09 18:09:17 +0000},
	Date-Modified = {2016-05-09 18:09:17 +0000},
	Doi = {10.1086/498708},
	Journal = {\aj},
	Keywords = {Catalogs, Infrared: General, Surveys},
	Month = feb,
	Pages = {1163-1183},
	Title = {{The Two Micron All Sky Survey (2MASS)}},
	Volume = 131,
	Year = 2006,
	Bdsk-Url-1 = {http://dx.doi.org/10.1086/498708}}

@article{andersondarling54,
	Author = {Anderson, T. W. and Darling, D. A.},
	Date-Added = {2016-05-09 18:09:17 +0000},
	Date-Modified = {2016-05-09 18:09:17 +0000},
	Doi = {10.1080/01621459.1954.10501232},
	Eprint = {http://www.tandfonline.com/doi/pdf/10.1080/01621459.1954.10501232},
	Journal = {Journal of the American Statistical Association},
	Number = {268},
	Pages = {765-769},
	Title = {A Test of Goodness of Fit},
	Url = {http://www.tandfonline.com/doi/abs/10.1080/01621459.1954.10501232},
	Volume = {49},
	Year = {1954},
	Bdsk-Url-1 = {http://www.tandfonline.com/doi/abs/10.1080/01621459.1954.10501232},
	Bdsk-Url-2 = {http://dx.doi.org/10.1080/01621459.1954.10501232}}

@online{MPCTNOs,
	Author = {Minor Planet Centre},
	Date-Added = {2016-05-09 18:09:17 +0000},
	Date-Modified = {2016-05-09 18:09:17 +0000},
	Month = Jul,
	Title = {MPC list of TNOs, Centaurs and SDOs},
	Url = {http://web.archive.org/web/20140701182421/http://www.minorplanetcenter.net/iau/MPCORB/Distant.txt},
	Year = {2014},
	Bdsk-Url-1 = {http://web.archive.org/web/20140701182421/http://www.minorplanetcenter.net/iau/MPCORB/Distant.txt}}

@online{MPCNTs,
	Author = {Minor Planet Centre},
	Date-Added = {2016-05-09 18:09:17 +0000},
	Date-Modified = {2016-05-09 18:09:17 +0000},
	Month = Nov,
	Title = {MPC list of Neptunian Trojans},
	Url = {http://web.archive.org/web/20131112211347/http://www.minorplanetcenter.org/iau/lists/NeptuneTrojans.html},
	Year = {2013},
	Bdsk-Url-1 = {http://web.archive.org/web/20131112211347/http://www.minorplanetcenter.org/iau/lists/NeptuneTrojans.html}}

@article{bottke05,
	Adsnote = {Provided by the SAO/NASA Astrophysics Data System},
	Adsurl = {http://adsabs.harvard.edu/abs/2005Icar..175..111B},
	Author = {{Bottke}, W.~F. and {Durda}, D.~D. and {Nesvorn{\'y}}, D. and {Jedicke}, R. and {Morbidelli}, A. and {Vokrouhlick{\'y}}, D. and {Levison}, H.},
	Date-Added = {2016-05-09 18:09:17 +0000},
	Date-Modified = {2016-05-09 18:09:17 +0000},
	Doi = {10.1016/j.icarus.2004.10.026},
	Journal = {\icarus},
	Month = may,
	Pages = {111-140},
	Title = {{The fossilized size distribution of the main asteroid belt}},
	Volume = 175,
	Year = 2005,
	Bdsk-Url-1 = {http://dx.doi.org/10.1016/j.icarus.2004.10.026}}

@article{jewitt00,
	Adsnote = {Provided by the SAO/NASA Astrophysics Data System},
	Adsurl = {http://adsabs.harvard.edu/abs/2000AJ....120.1140J},
	Author = {{Jewitt}, D.~C. and {Trujillo}, C.~A. and {Luu}, J.~X.},
	Date-Added = {2016-05-09 18:09:17 +0000},
	Date-Modified = {2016-05-09 18:09:17 +0000},
	Doi = {10.1086/301453},
	Eprint = {astro-ph/0004117},
	Journal = {\aj},
	Keywords = {Comets: General, Minor Planets, Asteroids},
	Month = aug,
	Pages = {1140-1147},
	Title = {{Population and Size Distribution of Small Jovian Trojan Asteroids}},
	Volume = 120,
	Year = 2000,
	Bdsk-Url-1 = {http://dx.doi.org/10.1086/301453}}

@online{MPCNTs11,
	Author = {Minor Planet Centre},
	Date-Added = {2016-05-09 18:09:17 +0000},
	Date-Modified = {2016-05-09 18:09:17 +0000},
	Month = Jul,
	Title = {MPC list of Neptunian Trojans, archived version},
	Url = {http://web.archive.org/web/20110725075646/http://www.minorplanetcenter.org/iau/lists/NeptuneTrojans.html},
	Year = {2011},
	Bdsk-Url-1 = {http://web.archive.org/web/20110725075646/http://www.minorplanetcenter.org/iau/lists/NeptuneTrojans.html}}

@article{gladman09b,
	Adsnote = {Provided by the SAO/NASA Astrophysics Data System},
	Adsurl = {http://adsabs.harvard.edu/abs/2009ApJ...697L..91G},
	Author = {{Gladman}, B. and {Kavelaars}, J. and {Petit}, J.-M. and {Ashby}, M.~L.~N. and {Parker}, J. and {Coffey}, J. and {Jones}, R.~L. and {Rousselot}, P. and {Mousis}, O.},
	Date-Added = {2016-05-09 18:09:17 +0000},
	Date-Modified = {2016-05-09 18:09:17 +0000},
	Doi = {10.1088/0004-637X/697/2/L91},
	Journal = {\apjl},
	Keywords = {Kuiper Belt, Oort Cloud, solar system: formation},
	Month = jun,
	Pages = {L91-L94},
	Title = {{Discovery of the First Retrograde Transneptunian Object}},
	Volume = 697,
	Year = {2009b},
	Bdsk-Url-1 = {http://dx.doi.org/10.1088/0004-637X/697/2/L91}}

@article{schlichting13,
	Adsnote = {Provided by the SAO/NASA Astrophysics Data System},
	Adsurl = {http://adsabs.harvard.edu/abs/2013AJ....146...36S},
	Archiveprefix = {arXiv},
	Author = {{Schlichting}, H.~E. and {Fuentes}, C.~I. and {Trilling}, D.~E.},
	Date-Added = {2016-05-09 18:09:17 +0000},
	Date-Modified = {2016-05-09 18:09:17 +0000},
	Doi = {10.1088/0004-6256/146/2/36},
	Eid = {36},
	Eprint = {1301.7433},
	Journal = {\aj},
	Keywords = {comets: general, Kuiper belt: general, planets and satellites: formation, planets and satellites: physical evolution, protoplanetary disks, zodiacal dust},
	Month = aug,
	Pages = {36},
	Primaryclass = {astro-ph.EP},
	Title = {{Initial Planetesimal Sizes and the Size Distribution of Small Kuiper Belt Objects}},
	Volume = 146,
	Year = 2013,
	Bdsk-Url-1 = {http://dx.doi.org/10.1088/0004-6256/146/2/36}}

@article{gladman01,
	Adsnote = {Provided by the SAO/NASA Astrophysics Data System},
	Adsurl = {http://adsabs.harvard.edu/abs/2001AJ....122.1051G},
	Author = {{Gladman}, B. and {Kavelaars}, J.~J. and {Petit}, J.-M. and {Morbidelli}, A. and {Holman}, M.~J. and {Loredo}, T.},
	Date-Added = {2016-05-09 18:09:17 +0000},
	Date-Modified = {2016-05-09 18:09:17 +0000},
	Doi = {10.1086/322080},
	Journal = {\aj},
	Keywords = {Comets: General, Kuiper Belt},
	Month = aug,
	Pages = {1051-1066},
	Title = {{The Structure of the Kuiper Belt: Size Distribution and Radial Extent}},
	Volume = 122,
	Year = 2001,
	Bdsk-Url-1 = {http://dx.doi.org/10.1086/322080}}

@article{trujillo00,
	Adsnote = {Provided by the SAO/NASA Astrophysics Data System},
	Adsurl = {http://adsabs.harvard.edu/abs/2000ApJ...529L.103T},
	Author = {{Trujillo}, C.~A. and {Jewitt}, D.~C. and {Luu}, J.~X.},
	Date-Added = {2016-05-09 18:09:17 +0000},
	Date-Modified = {2016-05-09 18:09:17 +0000},
	Doi = {10.1086/312467},
	Eprint = {astro-ph/9912428},
	Journal = {\apjl},
	Keywords = {COMETS: GENERAL, KUIPER BELT, OORT CLOUD, SOLAR SYSTEM: FORMATION, Comets: General, Kuiper Belt, Oort Cloud, Solar System: Formation},
	Month = feb,
	Pages = {L103-L106},
	Title = {{Population of the Scattered Kuiper Belt}},
	Volume = 529,
	Year = 2000,
	Bdsk-Url-1 = {http://dx.doi.org/10.1086/312467}}

@article{trujillosheppard14,
	Adsnote = {Provided by the SAO/NASA Astrophysics Data System},
	Adsurl = {http://adsabs.harvard.edu/abs/2014Natur.507..471T},
	Author = {{Trujillo}, C.~A. and {Sheppard}, S.~S.},
	Doi = {10.1038/nature13156},
	Journal = {\nat},
	Month = mar,
	Pages = {471-474},
	Title = {{A Sedna-like body with a perihelion of 80 astronomical units}},
	Volume = 507,
	Year = 2014,
	Bdsk-Url-1 = {http://dx.doi.org/10.1038/nature13156}}

@article{jewitt98,
	Adsnote = {Provided by the SAO/NASA Astrophysics Data System},
	Adsurl = {http://adsabs.harvard.edu/abs/1998AJ....115.2125J},
	Author = {{Jewitt}, D. and {Luu}, J. and {Trujillo}, C.},
	Date-Added = {2016-05-09 18:09:17 +0000},
	Date-Modified = {2016-05-09 18:09:17 +0000},
	Doi = {10.1086/300335},
	Journal = {\aj},
	Keywords = {CELESTIAL MECHANICS, STELLAR DYNAMICS, KUIPER BELT OBJECTS, MINOR PLANETS, ASTEROIDS},
	Month = may,
	Pages = {2125-2135},
	Title = {{Large Kuiper Belt Objects: The Mauna Kea 8K CCD Survey}},
	Volume = 115,
	Year = 1998,
	Bdsk-Url-1 = {http://dx.doi.org/10.1086/300335}}

@article{fraserkavelaars08,
	Adsnote = {Provided by the SAO/NASA Astrophysics Data System},
	Adsurl = {http://adsabs.harvard.edu/abs/2008Icar..198..452F},
	Archiveprefix = {arXiv},
	Author = {{Fraser}, W.~C. and {Kavelaars}, J.~J.},
	Date-Added = {2016-05-09 18:09:17 +0000},
	Date-Modified = {2016-05-09 18:09:17 +0000},
	Doi = {10.1016/j.icarus.2008.08.009},
	Eprint = {0809.0313},
	Journal = {\icarus},
	Month = dec,
	Pages = {452-458},
	Title = {{A derivation of the luminosity function of the Kuiper belt from a broken power-law size distribution}},
	Volume = 198,
	Year = 2008,
	Bdsk-Url-1 = {http://dx.doi.org/10.1016/j.icarus.2008.08.009}}

@article{petit06,
	Adsnote = {Provided by the SAO/NASA Astrophysics Data System},
	Adsurl = {http://adsabs.harvard.edu/abs/2006MNRAS.365..429P},
	Author = {{Petit}, J.-M. and {Holman}, M.~J. and {Gladman}, B.~J. and {Kavelaars}, J.~J. and {Scholl}, H. and {Loredo}, T.~J.},
	Date-Added = {2016-05-09 18:09:17 +0000},
	Date-Modified = {2016-05-09 18:09:17 +0000},
	Doi = {10.1111/j.1365-2966.2005.09661.x},
	Journal = {\mnras},
	Keywords = {surveys, astrometry, Kuiper Belt, Solar system: formation},
	Month = jan,
	Pages = {429-438},
	Title = {{The Kuiper Belt luminosity function from m$_{R}$= 22 to 25}},
	Volume = 365,
	Year = 2006,
	Bdsk-Url-1 = {http://dx.doi.org/10.1111/j.1365-2966.2005.09661.x}}

@article{mommert12,
	Adsnote = {Provided by the SAO/NASA Astrophysics Data System},
	Adsurl = {http://adsabs.harvard.edu/abs/2012A%26A...541A..93M},
	Archiveprefix = {arXiv},
	Author = {{Mommert}, M. and {Harris}, A.~W. and {Kiss}, C. and {P{\'a}l}, A. and {Santos-Sanz}, P. and {Stansberry}, J. and {Delsanti}, A. and {Vilenius}, E. and {M{\"u}ller}, T.~G. and {Peixinho}, N. and {Lellouch}, E. and {Szalai}, N. and {Henry}, F. and {Duffard}, R. and {Fornasier}, S. and {Hartogh}, P. and {Mueller}, M. and {Ortiz}, J.~L. and {Protopapa}, S. and {Rengel}, M. and {Thirouin}, A.},
	Date-Added = {2016-05-09 18:09:17 +0000},
	Date-Modified = {2016-05-09 18:09:17 +0000},
	Doi = {10.1051/0004-6361/201118562},
	Eid = {A93},
	Eprint = {1202.3657},
	Journal = {\aap},
	Keywords = {Kuiper belt: general, infrared: planetary systems, methods: observational, techniques: photometric},
	Month = may,
	Pages = {A93},
	Primaryclass = {astro-ph.EP},
	Title = {{TNOs are cool: A survey of the trans-Neptunian region. V. Physical characterization of 18 Plutinos using Herschel-PACS observations}},
	Volume = 541,
	Year = 2012,
	Bdsk-Url-1 = {http://dx.doi.org/10.1051/0004-6361/201118562}}

@article{lacerda14,
	Adsnote = {Provided by the SAO/NASA Astrophysics Data System},
	Adsurl = {http://adsabs.harvard.edu/abs/2014ApJ...793L...2L},
	Archiveprefix = {arXiv},
	Author = {{Lacerda}, P. and {Fornasier}, S. and {Lellouch}, E. and {Kiss}, C. and {Vilenius}, E. and {Santos-Sanz}, P. and {Rengel}, M. and {M{\"u}ller}, T. and {Stansberry}, J. and {Duffard}, R. and {Delsanti}, A. and {Guilbert-Lepoutre}, A.},
	Date-Added = {2016-05-09 18:09:17 +0000},
	Date-Modified = {2016-05-09 18:09:17 +0000},
	Doi = {10.1088/2041-8205/793/1/L2},
	Eid = {L2},
	Eprint = {1406.1420},
	Journal = {\apjl},
	Keywords = {Kuiper belt: general},
	Month = sep,
	Pages = {L2},
	Primaryclass = {astro-ph.EP},
	Title = {{The Albedo-Color Diversity of Transneptunian Objects}},
	Volume = 793,
	Year = 2014,
	Bdsk-Url-1 = {http://dx.doi.org/10.1088/2041-8205/793/1/L2}}

@article{fraser10,
	Adsnote = {Provided by the SAO/NASA Astrophysics Data System},
	Adsurl = {http://adsabs.harvard.edu/abs/2010Icar..210..944F},
	Archiveprefix = {arXiv},
	Author = {{Fraser}, W.~C. and {Brown}, M.~E. and {Schwamb}, M.~E.},
	Date-Added = {2016-05-09 18:09:17 +0000},
	Date-Modified = {2016-05-09 18:09:17 +0000},
	Doi = {10.1016/j.icarus.2010.08.001},
	Eprint = {1008.1058},
	Journal = {\icarus},
	Month = dec,
	Pages = {944-955},
	Primaryclass = {astro-ph.EP},
	Title = {{The luminosity function of the hot and cold Kuiper belt populations}},
	Volume = 210,
	Year = 2010,
	Bdsk-Url-1 = {http://dx.doi.org/10.1016/j.icarus.2010.08.001}}

@article{jones06,
	Adsnote = {Provided by the SAO/NASA Astrophysics Data System},
	Adsurl = {http://adsabs.harvard.edu/abs/2006Icar..185..508J},
	Author = {{Jones}, R.~L. and {Gladman}, B. and {Petit}, J.-M. and {Rousselot}, P. and {Mousis}, O. and {Kavelaars}, J.~J. and {Campo Bagatin}, A. and {Bernabeu}, G. and {Benavidez}, P. and {Parker}, J.~W. and {Nicholson}, P. and {Holman}, M. and {Grav}, T. and {Doressoundiram}, A. and {Veillet}, C. and {Scholl}, H. and {Mars}, G.},
	Date-Added = {2016-05-09 18:09:17 +0000},
	Date-Modified = {2016-05-09 18:09:17 +0000},
	Doi = {10.1016/j.icarus.2006.07.024},
	Eprint = {astro-ph/0510826},
	Journal = {\icarus},
	Month = dec,
	Pages = {508-522},
	Title = {{The CFEPS Kuiper Belt Survey: Strategy and presurvey results}},
	Volume = 185,
	Year = 2006,
	Bdsk-Url-1 = {http://dx.doi.org/10.1016/j.icarus.2006.07.024}}

@article{levison08,
	Adsnote = {Provided by the SAO/NASA Astrophysics Data System},
	Adsurl = {http://adsabs.harvard.edu/abs/2008Icar..196..258L},
	Archiveprefix = {arXiv},
	Author = {{Levison}, H.~F. and {Morbidelli}, A. and {Van Laerhoven}, C. and {Gomes}, R. and {Tsiganis}, K.},
	Date-Added = {2016-05-09 18:09:17 +0000},
	Date-Modified = {2016-05-09 18:09:17 +0000},
	Doi = {10.1016/j.icarus.2007.11.035},
	Eprint = {0712.0553},
	Journal = {\icarus},
	Month = jul,
	Pages = {258-273},
	Title = {{Origin of the structure of the Kuiper belt during a dynamical instability in the orbits of Uranus and Neptune}},
	Volume = 196,
	Year = 2008,
	Bdsk-Url-1 = {http://dx.doi.org/10.1016/j.icarus.2007.11.035}}

@article{gomes03,
	Adsnote = {Provided by the SAO/NASA Astrophysics Data System},
	Adsurl = {http://adsabs.harvard.edu/abs/2003Icar..161..404G},
	Author = {{Gomes}, R.~S.},
	Date-Added = {2016-05-09 18:09:17 +0000},
	Date-Modified = {2016-09-29 19:02:39 +0000},
	Doi = {10.1016/S0019-1035(02)00056-8},
	Journal = {\icarus},
	Month = feb,
	Pages = {404-418},
	Title = {{The origin of the Kuiper Belt high-inclination population}},
	Volume = 161,
	Year = 2003,
	Bdsk-Url-1 = {http://dx.doi.org/10.1016/S0019-1035(02)00056-8}}

@article{emelyanenkokiseleva08,
	Adsnote = {Provided by the SAO/NASA Astrophysics Data System},
	Adsurl = {http://adsabs.harvard.edu/abs/2008AstL...34..271E},
	Author = {{Emel'Yanenko}, V.~V. and {Kiseleva}, E.~L.},
	Date-Added = {2016-05-09 18:09:17 +0000},
	Date-Modified = {2016-05-09 18:09:17 +0000},
	Doi = {10.1134/S1063773708040075},
	Journal = {Astronomy Letters},
	Month = apr,
	Pages = {271-279},
	Title = {{Resonant motion of trans-Neptunian objects in high-eccentricity orbits}},
	Volume = 34,
	Year = 2008,
	Bdsk-Url-1 = {http://dx.doi.org/10.1134/S1063773708040075}}

@phdthesis{lawler13thesis,
	Author = {{Lawler}, S.},
	Date-Added = {2016-05-09 18:09:17 +0000},
	Date-Modified = {2016-05-09 18:09:17 +0000},
	Month = aug,
	School = {University of British Columbia},
	Title = {{The leftovers of planet formation : small body populations of our solar system and exoplanet systems}},
	Url = {https://circle.ubc.ca/handle/2429/44760},
	Year = 2013,
	Bdsk-Url-1 = {https://circle.ubc.ca/handle/2429/44760}}

@article{jedicke02,
	Adsnote = {Provided by the SAO/NASA Astrophysics Data System},
	Adsurl = {http://adsabs.harvard.edu/abs/2002aste.conf...71J},
	Author = {{Jedicke}, R. and {Larsen}, J. and {Spahr}, T.},
	Date-Added = {2016-05-09 18:09:17 +0000},
	Date-Modified = {2016-05-09 18:09:17 +0000},
	Journal = {Asteroids III},
	Pages = {71-87},
	Title = {{Observational Selection Effects in Asteroid Surveys}},
	Year = 2002}

@article{weidenschilling97,
	Adsnote = {Provided by the SAO/NASA Astrophysics Data System},
	Adsurl = {http://adsabs.harvard.edu/abs/1997Icar..128..429W},
	Author = {{Weidenschilling}, S.~J. and {Spaute}, D. and {Davis}, D.~R. and {Marzari}, F. and {Ohtsuki}, K.},
	Date-Added = {2016-05-09 18:09:17 +0000},
	Date-Modified = {2016-05-09 18:09:17 +0000},
	Doi = {10.1006/icar.1997.5747},
	Journal = {\icarus},
	Month = aug,
	Pages = {429-455},
	Title = {{Accretional Evolution of a Planetesimal Swarm}},
	Volume = 128,
	Year = 1997,
	Bdsk-Url-1 = {http://dx.doi.org/10.1006/icar.1997.5747}}

@article{lykawka11,
	Adsnote = {Provided by the SAO/NASA Astrophysics Data System},
	Adsurl = {http://adsabs.harvard.edu/abs/2011MNRAS.412..537L},
	Archiveprefix = {arXiv},
	Author = {{Lykawka}, P.~S. and {Horner}, J. and {Jones}, B.~W. and {Mukai}, T.},
	Date-Added = {2016-05-09 18:09:17 +0000},
	Date-Modified = {2016-05-09 18:09:17 +0000},
	Doi = {10.1111/j.1365-2966.2010.17936.x},
	Eprint = {1011.1072},
	Journal = {\mnras},
	Keywords = {methods: numerical, celestial mechanics, Kuiper belt: general, minor planets, asteroids: general, planets and satellites: dynamical evolution and stability, planets and satellites: general},
	Month = mar,
	Pages = {537-550},
	Primaryclass = {astro-ph.EP},
	Title = {{Origin and dynamical evolution of Neptune Trojans - II. Long-term evolution}},
	Volume = 412,
	Year = 2011,
	Bdsk-Url-1 = {http://dx.doi.org/10.1111/j.1365-2966.2010.17936.x}}

@article{volkmalhotra13,
	Adsnote = {Provided by the SAO/NASA Astrophysics Data System},
	Adsurl = {http://adsabs.harvard.edu/abs/2013Icar..224...66V},
	Archiveprefix = {arXiv},
	Author = {{Volk}, K. and {Malhotra}, R.},
	Date-Added = {2016-05-09 18:09:17 +0000},
	Date-Modified = {2016-05-09 18:09:17 +0000},
	Doi = {10.1016/j.icarus.2013.02.016},
	Eprint = {1211.2774},
	Journal = {\icarus},
	Month = may,
	Pages = {66-73},
	Primaryclass = {astro-ph.EP},
	Title = {{Do Centaurs preserve their source inclinations?}},
	Volume = 224,
	Year = 2013,
	Bdsk-Url-1 = {http://dx.doi.org/10.1016/j.icarus.2013.02.016}}

@article{brasser12,
	Adsnote = {Provided by the SAO/NASA Astrophysics Data System},
	Adsurl = {http://adsabs.harvard.edu/abs/2012MNRAS.420.3396B},
	Archiveprefix = {arXiv},
	Author = {{Brasser}, R. and {Schwamb}, M.~E. and {Lykawka}, P.~S. and {Gomes}, R.~S.},
	Date-Added = {2016-05-09 18:09:17 +0000},
	Date-Modified = {2016-05-09 18:09:17 +0000},
	Doi = {10.1111/j.1365-2966.2011.20264.x},
	Eprint = {1111.7037},
	Journal = {\mnras},
	Keywords = {Kuiper belt: general, minor planets, asteroids: general, Oort Cloud},
	Month = mar,
	Pages = {3396-3402},
	Primaryclass = {astro-ph.EP},
	Title = {{An Oort cloud origin for the high-inclination, high-perihelion Centaurs}},
	Volume = 420,
	Year = 2012,
	Bdsk-Url-1 = {http://dx.doi.org/10.1111/j.1365-2966.2011.20264.x}}

@article{hahnmalhotra05,
	Adsnote = {Provided by the SAO/NASA Astrophysics Data System},
	Adsurl = {http://adsabs.harvard.edu/abs/2005AJ....130.2392H},
	Author = {{Hahn}, J.~M. and {Malhotra}, R.},
	Date-Added = {2016-05-09 18:09:17 +0000},
	Date-Modified = {2016-05-09 18:09:17 +0000},
	Doi = {10.1086/452638},
	Eprint = {astro-ph/0507319},
	Journal = {\aj},
	Keywords = {Kuiper Belt, Methods: N-Body Simulations, Solar System: Formation},
	Month = nov,
	Pages = {2392-2414},
	Title = {{Neptune's Migration into a Stirred-Up Kuiper Belt: A Detailed Comparison of Simulations to Observations}},
	Volume = 130,
	Year = 2005,
	Bdsk-Url-1 = {http://dx.doi.org/10.1086/452638}}

@article{kavelaars09,
	Adsnote = {Provided by the SAO/NASA Astrophysics Data System},
	Adsurl = {http://adsabs.harvard.edu/abs/2009AJ....137.4917K},
	Author = {{Kavelaars}, J.~J. and {Jones}, R.~L. and {Gladman}, B.~J. and {Petit}, J.-M. and {Parker}, J.~W. and {Van Laerhoven}, C. and {Nicholson}, P. and {Rousselot}, P. and {Scholl}, H. and {Mousis}, O. and {Marsden}, B. and {Benavidez}, P. and {Bieryla}, A. and {Campo Bagatin}, A. and {Doressoundiram}, A. and {Margot}, J.~L. and {Murray}, I. and {Veillet}, C.},
	Date-Added = {2016-05-09 18:09:17 +0000},
	Date-Modified = {2016-05-09 18:09:17 +0000},
	Doi = {10.1088/0004-6256/137/6/4917},
	Journal = {\aj},
	Keywords = {Kuiper Belt, surveys},
	Month = jun,
	Pages = {4917-4935},
	Title = {{The Canada-France Ecliptic Plane Survey --- L3 Data Release: The Orbital Structure of the Kuiper Belt}},
	Volume = 137,
	Year = 2009,
	Bdsk-Url-1 = {http://dx.doi.org/10.1088/0004-6256/137/6/4917}}

@article{pike15,
       author = {{Pike}, R.~E. and {Kavelaars}, J.~J. and {Petit}, J.~M. and {Gladman},
        B.~J. and {Alexandersen}, M. and {Volk}, K. and {Shankman},
        C.~J.},
        title = "{The 5:1 Neptune Resonance as Probed by CFEPS: Dynamics and Population}",
      journal = {\aj},
     keywords = {Kuiper belt objects: individual: 2003 YQ179, 2007 FN51, 2007 LF38, 2008
        JO, L3y02, HL7c1, HL7j4, HL8k1, Astrophysics - Earth and
        Planetary Astrophysics},
         year = 2015,
        month = Jun,
       volume = {149},
          eid = {202},
        pages = {202},
          doi = {10.1088/0004-6256/149/6/202},
 primaryClass = {astro-ph.EP},
       adsurl = {https://ui.adsabs.harvard.edu/#abs/2015AJ....149..202P},
      adsnote = {Provided by the SAO/NASA Astrophysics Data System}
}

@article{murrayclay05,
	Adsnote = {Provided by the SAO/NASA Astrophysics Data System},
	Adsurl = {http://adsabs.harvard.edu/abs/2005ApJ...619..623M},
	Author = {{Murray-Clay}, R.~A. and {Chiang}, E.~I.},
	Date-Added = {2016-05-09 18:09:17 +0000},
	Date-Modified = {2016-05-09 18:09:17 +0000},
	Doi = {10.1086/426425},
	Eprint = {astro-ph/0410086},
	Journal = {\apj},
	Keywords = {Celestial Mechanics, Comets: General, Kuiper Belt, Minor Planets, Asteroids},
	Month = jan,
	Pages = {623-638},
	Title = {{A Signature of Planetary Migration: The Origin of Asymmetric Capture in the 2:1 Resonance}},
	Volume = 619,
	Year = 2005,
	Bdsk-Url-1 = {http://dx.doi.org/10.1086/426425}}

@article{jones10,
	Adsnote = {Provided by the SAO/NASA Astrophysics Data System},
	Adsurl = {http://adsabs.harvard.edu/abs/2010AJ....139.2249J},
	Author = {{Jones}, R.~L. and {Parker}, J.~W. and {Bieryla}, A. and {Marsden}, B.~G. and {Gladman}, B. and {Kavelaars}, J. and {Petit}, J.-M.},
	Date-Added = {2016-05-09 18:09:17 +0000},
	Date-Modified = {2016-05-09 18:09:17 +0000},
	Doi = {10.1088/0004-6256/139/6/2249},
	Journal = {\aj},
	Keywords = {ephemerides, Kuiper belt: general},
	Month = jun,
	Pages = {2249-2257},
	Title = {{Systematic Biases in the Observed Distribution of Kuiper Belt Object Orbits}},
	Volume = 139,
	Year = 2010,
	Bdsk-Url-1 = {http://dx.doi.org/10.1088/0004-6256/139/6/2249}}

@article{obrien05,
	Adsnote = {Provided by the SAO/NASA Astrophysics Data System},
	Adsurl = {http://adsabs.harvard.edu/abs/2005Icar..178..179O},
	Author = {{O'Brien}, D.~P. and {Greenberg}, R.},
	Date-Added = {2016-05-09 18:09:17 +0000},
	Date-Modified = {2016-05-09 18:09:17 +0000},
	Doi = {10.1016/j.icarus.2005.04.001},
	Journal = {\icarus},
	Month = nov,
	Pages = {179-212},
	Title = {{The collisional and dynamical evolution of the main-belt and NEA size distributions}},
	Volume = 178,
	Year = 2005,
	Bdsk-Url-1 = {http://dx.doi.org/10.1016/j.icarus.2005.04.001}}
